{"event":"bts:subscription_succeeded","channel":"live_trades_bchbtc","data":{}}
{"data":{"id":300609247,"timestamp":"1695949848","amount":1.11,"amount_str":"1.11000000","price":0.00869379,"price_str":"0.00869379","type":1,"microtimestamp":"1695949848162000","buy_order_id":1667542516408320,"sell_order_id":1667542521872391},"channel":"live_trades_bchbtc","event":"trade"}
{"data":{"id":300609252,"timestamp":"1695949848","amount":0.4547417,"amount_str":"0.45474170","price":0.00869001,"price_str":"0.00869001","type":1,"microtimestamp":"1695949848576000","buy_order_id":1667542522765314,"sell_order_id":1667542523572225},"channel":"live_trades_bchbtc","event":"trade"}
{"data":{"id":300611750,"timestamp":"1695953883","amount":0.031472,"amount_str":"0.03147200","price":0.00873545,"price_str":"0.00873545","type":1,"microtimestamp":"1695953883926000","buy_order_id":1667558816673792,"sell_order_id":1667559052361728},"channel":"live_trades_bchbtc","event":"trade"}
{"data":{"id":300613477,"timestamp":"1695956154","amount":0.02777,"amount_str":"0.02777000","price":0.0087609,"price_str":"0.00876090","type":1,"microtimestamp":"1695956154357000","buy_order_id":1667568267427841,"sell_order_id":1667568352051201},"channel":"live_trades_bchbtc","event":"trade"}
{"data":{"id":300615514,"timestamp":"1695959444","amount":0.56252,"amount_str":"0.56252000","price":0.00874,"price_str":"0.00874000","type":1,"microtimestamp":"1695959444351000","buy_order_id":1667581826859008,"sell_order_id":1667581827862528},"channel":"live_trades_bchbtc","event":"trade"}
{"data":{"id":300615581,"timestamp":"1695959622","amount":0.042823,"amount_str":"0.04282300","price":0.00872113,"price_str":"0.00872113","type":1,"microtimestamp":"1695959622515000","buy_order_id":1667582534557696,"sell_order_id":1667582557622272},"channel":"live_trades_bchbtc","event":"trade"}
{"data":{"id":300616090,"timestamp":"1695960333","amount":0.088222,"amount_str":"0.08822200","price":0.00873819,"price_str":"0.00873819","type":0,"microtimestamp":"1695960333592000","buy_order_id":1667585470197761,"sell_order_id":1667585463128064},"channel":"live_trades_bchbtc","event":"trade"}
{"data":{"id":300616985,"timestamp":"1695962037","amount":0.09271,"amount_str":"0.09271000","price":0.0087413,"price_str":"0.00874130","type":1,"microtimestamp":"1695962037952000","buy_order_id":1667592429813760,"sell_order_id":1667592451256320},"channel":"live_trades_bchbtc","event":"trade"}
{"data":{"id":300617587,"timestamp":"1695963256","amount":0.175953,"amount_str":"0.17595300","price":0.00875932,"price_str":"0.00875932","type":0,"microtimestamp":"1695963256921000","buy_order_id":1667597444153345,"sell_order_id":1667597346500609},"channel":"live_trades_bchbtc","event":"trade"}
{"data":{"id":300617960,"timestamp":"1695963929","amount":0.04397,"amount_str":"0.04397000","price":0.0087502,"price_str":"0.00875020","type":0,"microtimestamp":"1695963929159000","buy_order_id":1667600197640194,"sell_order_id":1667600182530048},"channel":"live_trades_bchbtc","event":"trade"}
{"data":{"id":300618436,"timestamp":"1695964798","amount":0.258705,"amount_str":"0.25870500","price":0.0087616,"price_str":"0.00876160","type":1,"microtimestamp":"1695964798465000","buy_order_id":1667603742433280,"sell_order_id":1667603758313472},"channel":"live_trades_bchbtc","event":"trade"}
{"data":{"id":300618546,"timestamp":"1695965007","amount":0.067596,"amount_str":"0.06759600","price":0.00877187,"price_str":"0.00877187","type":1,"microtimestamp":"1695965007923000","buy_order_id":1667604466143232,"sell_order_id":1667604616257536},"channel":"live_trades_bchbtc","event":"trade"}
{"data":{"id":300618921,"timestamp":"1695965816","amount":0.026422,"amount_str":"0.02642200","price":0.00875629,"price_str":"0.00875629","type":1,"microtimestamp":"1695965816452000","buy_order_id":1667607896043521,"sell_order_id":1667607927992320},"channel":"live_trades_bchbtc","event":"trade"}
{"data":{"id":300618993,"timestamp":"1695965980","amount":0.5,"amount_str":"0.50000000","price":0.00875244,"price_str":"0.00875244","type":1,"microtimestamp":"1695965980934000","buy_order_id":1667608495816705,"sell_order_id":1667608601710593},"channel":"live_trades_bchbtc","event":"trade"}
{"data":{"id":300619049,"timestamp":"1695966088","amount":0.043021,"amount_str":"0.04302100","price":0.0087567,"price_str":"0.00875670","type":0,"microtimestamp":"1695966088690000","buy_order_id":1667609043075075,"sell_order_id":1667608998760449},"channel":"live_trades_bchbtc","event":"trade"}
{"data":{"id":300619219,"timestamp":"1695966415","amount":0.093047,"amount_str":"0.09304700","price":0.0087493,"price_str":"0.00874930","type":1,"microtimestamp":"1695966415535000","buy_order_id":1667610206666752,"sell_order_id":1667610381836288},"channel":"live_trades_bchbtc","event":"trade"}
{"data":{"id":300619253,"timestamp":"1695966465","amount":0.84851806,"amount_str":"0.84851806","price":0.00875348,"price_str":"0.00875348","type":0,"microtimestamp":"1695966465095000","buy_order_id":1667610584834048,"sell_order_id":1667610473209859},"channel":"live_trades_bchbtc","event":"trade"}
{"data":{"id":300619594,"timestamp":"1695967117","amount":0.438006,"amount_str":"0.43800600","price":0.0087734,"price_str":"0.00877340","type":0,"microtimestamp":"1695967117153000","buy_order_id":1667613255663616,"sell_order_id":1667613132926976},"channel":"live_trades_bchbtc","event":"trade"}
{"data":{"id":300619649,"timestamp":"1695967163","amount":0.410319,"amount_str":"0.41031900","price":0.0087634,"price_str":"0.00876340","type":1,"microtimestamp":"1695967163188000","buy_order_id":1667613391089666,"sell_order_id":1667613444218880},"channel":"live_trades_bchbtc","event":"trade"}
{"data":{"id":300620230,"timestamp":"1695967743","amount":0.394307,"amount_str":"0.39430700","price":0.00877396,"price_str":"0.00877396","type":0,"microtimestamp":"1695967743259000","buy_order_id":1667615820193792,"sell_order_id":1667615789903872},"channel":"live_trades_bchbtc","event":"trade"}
{"data":{"id":300620562,"timestamp":"1695968060","amount":0.244101,"amount_str":"0.24410100","price":0.00876653,"price_str":"0.00876653","type":0,"microtimestamp":"1695968060342000","buy_order_id":1667617118965760,"sell_order_id":1667617048596481},"channel":"live_trades_bchbtc","event":"trade"}
{"data":{"id":300620611,"timestamp":"1695968118","amount":0.037459,"amount_str":"0.03745900","price":0.00876906,"price_str":"0.00876906","type":0,"microtimestamp":"1695968118215000","buy_order_id":1667617356013568,"sell_order_id":1667617353191426},"channel":"live_trades_bchbtc","event":"trade"}
{"data":{"id":300621211,"timestamp":"1695968703","amount":0.261605,"amount_str":"0.26160500","price":0.0087318,"price_str":"0.00873180","type":1,"microtimestamp":"1695968703663000","buy_order_id":1667619734994945,"sell_order_id":1667619754008576},"channel":"live_trades_bchbtc","event":"trade"}
{"data":{"id":300632665,"timestamp":"1695971654","amount":0.041552,"amount_str":"0.04155200","price":0.0087491,"price_str":"0.00874910","type":0,"microtimestamp":"1695971654972000","buy_order_id":1667631842566144,"sell_order_id":1667631838601216},"channel":"live_trades_bchbtc","event":"trade"}
{"data":{"id":300634282,"timestamp":"1695971994","amount":1,"amount_str":"1.00000000","price":0.0087344,"price_str":"0.00873440","type":1,"microtimestamp":"1695971994236000","buy_order_id":1667633119440897,"sell_order_id":1667633232195584},"channel":"live_trades_bchbtc","event":"trade"}
{"data":{"id":300636243,"timestamp":"1695972991","amount":0.02737,"amount_str":"0.02737000","price":0.00874,"price_str":"0.00874000","type":1,"microtimestamp":"1695972991958000","buy_order_id":1667637318656002,"sell_order_id":1667637318864897},"channel":"live_trades_bchbtc","event":"trade"}
{"data":{"id":300636636,"timestamp":"1695973095","amount":1,"amount_str":"1.00000000","price":0.0087683,"price_str":"0.00876830","type":0,"microtimestamp":"1695973095995000","buy_order_id":1667637745000449,"sell_order_id":1667637734096897},"channel":"live_trades_bchbtc","event":"trade"}
{"data":{"id":300637410,"timestamp":"1695973564","amount":0.044012,"amount_str":"0.04401200","price":0.00877391,"price_str":"0.00877391","type":1,"microtimestamp":"1695973564197000","buy_order_id":1667639652843520,"sell_order_id":1667639662751744},"channel":"live_trades_bchbtc","event":"trade"}
{"data":{"id":300638301,"timestamp":"1695974175","amount":2.2854915,"amount_str":"2.28549150","price":0.00878,"price_str":"0.00878000","type":1,"microtimestamp":"1695974175441000","buy_order_id":1667642107584513,"sell_order_id":1667642166411264},"channel":"live_trades_bchbtc","event":"trade"}
{"data":{"id":300638302,"timestamp":"1695974175","amount":2.12073303,"amount_str":"2.12073303","price":0.00878,"price_str":"0.00878000","type":1,"microtimestamp":"1695974175542000","buy_order_id":1667642107584513,"sell_order_id":1667642166824962},"channel":"live_trades_bchbtc","event":"trade"}
{"data":{"id":300638307,"timestamp":"1695974176","amount":2.22817693,"amount_str":"2.22817693","price":0.00878,"price_str":"0.00878000","type":1,"microtimestamp":"1695974176396000","buy_order_id":1667642107584513,"sell_order_id":1667642170318848},"channel":"live_trades_bchbtc","event":"trade"}
{"data":{"id":300638308,"timestamp":"1695974176","amount":2.79644688,"amount_str":"2.79644688","price":0.00878,"price_str":"0.00878000","type":1,"microtimestamp":"1695974176506000","buy_order_id":1667642107584513,"sell_order_id":1667642170773504},"channel":"live_trades_bchbtc","event":"trade"}
{"data":{"id":300638309,"timestamp":"1695974176","amount":2.67263359,"amount_str":"2.67263359","price":0.00878,"price_str":"0.00878000","type":1,"microtimestamp":"1695974176602000","buy_order_id":1667642107584513,"sell_order_id":1667642171166720},"channel":"live_trades_bchbtc","event":"trade"}
{"data":{"id":300638310,"timestamp":"1695974176","amount":3.02108102,"amount_str":"3.02108102","price":0.00878,"price_str":"0.00878000","type":1,"microtimestamp":"1695974176724000","buy_order_id":1667642107584513,"sell_order_id":1667642171666432},"channel":"live_trades_bchbtc","event":"trade"}
{"data":{"id":300638312,"timestamp":"1695974176","amount":2.60974705,"amount_str":"2.60974705","price":0.00878,"price_str":"0.00878000","type":1,"microtimestamp":"1695974176842000","buy_order_id":1667642107584513,"sell_order_id":1667642172145666},"channel":"live_trades_bchbtc","event":"trade"}
{"data":{"id":300638313,"timestamp":"1695974176","amount":2.32409009,"amount_str":"2.32409009","price":0.00878,"price_str":"0.00878000","type":1,"microtimestamp":"1695974176948000","buy_order_id":1667642107584513,"sell_order_id":1667642172583936},"channel":"live_trades_bchbtc","event":"trade"}
{"data":{"id":300638327,"timestamp":"1695974182","amount":2.14610102,"amount_str":"2.14610102","price":0.00878,"price_str":"0.00878000","type":1,"microtimestamp":"1695974182101000","buy_order_id":1667642107584513,"sell_order_id":1667642193690626},"channel":"live_trades_bchbtc","event":"trade"}
{"data":{"id":300638341,"timestamp":"1695974186","amount":2.21086883,"amount_str":"2.21086883","price":0.00878,"price_str":"0.00878000","type":1,"microtimestamp":"1695974186204000","buy_order_id":1667642107584513,"sell_order_id":1667642210492417},"channel":"live_trades_bchbtc","event":"trade"}
{"data":{"id":300638342,"timestamp":"1695974186","amount":2.37911333,"amount_str":"2.37911333","price":0.00878,"price_str":"0.00878000","type":1,"microtimestamp":"1695974186361000","buy_order_id":1667642107584513,"sell_order_id":1667642211139586},"channel":"live_trades_bchbtc","event":"trade"}
{"data":{"id":300638348,"timestamp":"1695974190","amount":2.11152902,"amount_str":"2.11152902","price":0.00878,"price_str":"0.00878000","type":1,"microtimestamp":"1695974190709000","buy_order_id":1667642107584513,"sell_order_id":1667642228948992},"channel":"live_trades_bchbtc","event":"trade"}
{"data":{"id":300638349,"timestamp":"1695974190","amount":2.95366799,"amount_str":"2.95366799","price":0.00878,"price_str":"0.00878000","type":1,"microtimestamp":"1695974190823000","buy_order_id":1667642107584513,"sell_order_id":1667642229411842},"channel":"live_trades_bchbtc","event":"trade"}
{"data":{"id":300638350,"timestamp":"1695974190","amount":3.20924533,"amount_str":"3.20924533","price":0.00878,"price_str":"0.00878000","type":1,"microtimestamp":"1695974190939000","buy_order_id":1667642107584513,"sell_order_id":1667642229891072},"channel":"live_trades_bchbtc","event":"trade"}
{"data":{"id":300638351,"timestamp":"1695974191","amount":2.81233402,"amount_str":"2.81233402","price":0.00878,"price_str":"0.00878000","type":1,"microtimestamp":"1695974191053000","buy_order_id":1667642107584513,"sell_order_id":1667642230358016},"channel":"live_trades_bchbtc","event":"trade"}
{"data":{"id":300638352,"timestamp":"1695974191","amount":2.77426966,"amount_str":"2.77426966","price":0.00878,"price_str":"0.00878000","type":1,"microtimestamp":"1695974191159000","buy_order_id":1667642107584513,"sell_order_id":1667642230792192},"channel":"live_trades_bchbtc","event":"trade"}
{"data":{"id":300638353,"timestamp":"1695974191","amount":2.77426966,"amount_str":"2.77426966","price":0.00878,"price_str":"0.00878000","type":1,"microtimestamp":"1695974191280000","buy_order_id":1667642107584513,"sell_order_id":1667642231283712},"channel":"live_trades_bchbtc","event":"trade"}
{"data":{"id":300638354,"timestamp":"1695974191","amount":2.52630287,"amount_str":"2.52630287","price":0.00878,"price_str":"0.00878000","type":1,"microtimestamp":"1695974191426000","buy_order_id":1667642107584513,"sell_order_id":1667642231885825},"channel":"live_trades_bchbtc","event":"trade"}
{"data":{"id":300638355,"timestamp":"1695974191","amount":2.49991009,"amount_str":"2.49991009","price":0.00878,"price_str":"0.00878000","type":1,"microtimestamp":"1695974191939000","buy_order_id":1667642107584513,"sell_order_id":1667642233987072},"channel":"live_trades_bchbtc","event":"trade"}
{"data":{"id":300638356,"timestamp":"1695974192","amount":1.54398809,"amount_str":"1.54398809","price":0.00878,"price_str":"0.00878000","type":1,"microtimestamp":"1695974192092000","buy_order_id":1667642107584513,"sell_order_id":1667642234613761},"channel":"live_trades_bchbtc","event":"trade"}
{"data":{"id":300638596,"timestamp":"1695974368","amount":0.064546,"amount_str":"0.06454600","price":0.00875675,"price_str":"0.00875675","type":1,"microtimestamp":"1695974368711000","buy_order_id":1667642901094402,"sell_order_id":1667642958045184},"channel":"live_trades_bchbtc","event":"trade"}
{"data":{"id":300638637,"timestamp":"1695974416","amount":0.087473,"amount_str":"0.08747300","price":0.00877,"price_str":"0.00877000","type":1,"microtimestamp":"1695974416563000","buy_order_id":1667643153403904,"sell_order_id":1667643154046976},"channel":"live_trades_bchbtc","event":"trade"}
{"data":{"id":300638660,"timestamp":"1695974435","amount":0.027107,"amount_str":"0.02710700","price":0.00876739,"price_str":"0.00876739","type":0,"microtimestamp":"1695974435761000","buy_order_id":1667643232681984,"sell_order_id":1667643176185856},"channel":"live_trades_bchbtc","event":"trade"}
{"data":{"id":300638810,"timestamp":"1695974559","amount":0.042294,"amount_str":"0.04229400","price":0.0087581,"price_str":"0.00875810","type":0,"microtimestamp":"1695974559897000","buy_order_id":1667643741143040,"sell_order_id":1667643635589122},"channel":"live_trades_bchbtc","event":"trade"}
{"data":{"id":300639450,"timestamp":"1695974942","amount":1,"amount_str":"1.00000000","price":0.0087969,"price_str":"0.00879690","type":0,"microtimestamp":"1695974942428000","buy_order_id":1667645307990016,"sell_order_id":1667645305397249},"channel":"live_trades_bchbtc","event":"trade"}
{"data":{"id":300639612,"timestamp":"1695975003","amount":0.83911955,"amount_str":"0.83911955","price":0.00881436,"price_str":"0.00881436","type":0,"microtimestamp":"1695975003486000","buy_order_id":1667645558079493,"sell_order_id":1667645536677889},"channel":"live_trades_bchbtc","event":"trade"}
{"data":{"id":300639744,"timestamp":"1695975028","amount":1,"amount_str":"1.00000000","price":0.0088398,"price_str":"0.00883980","type":0,"microtimestamp":"1695975028318000","buy_order_id":1667645659791360,"sell_order_id":1667645568720896},"channel":"live_trades_bchbtc","event":"trade"}
{"data":{"id":300640397,"timestamp":"1695975474","amount":0.042088,"amount_str":"0.04208800","price":0.0088193,"price_str":"0.00881930","type":0,"microtimestamp":"1695975474004000","buy_order_id":1667647485321216,"sell_order_id":1667647205023745},"channel":"live_trades_bchbtc","event":"trade"}
{"data":{"id":300641866,"timestamp":"1695976404","amount":0.046827,"amount_str":"0.04682700","price":0.00879919,"price_str":"0.00879919","type":1,"microtimestamp":"1695976404278000","buy_order_id":1667651211726849,"sell_order_id":1667651295727618},"channel":"live_trades_bchbtc","event":"trade"}
{"data":{"id":300641938,"timestamp":"1695976491","amount":0.026376,"amount_str":"0.02637600","price":0.00881033,"price_str":"0.00881033","type":1,"microtimestamp":"1695976491387000","buy_order_id":1667651595980800,"sell_order_id":1667651652526080},"channel":"live_trades_bchbtc","event":"trade"}
{"data":{"id":300643259,"timestamp":"1695977194","amount":0.026891,"amount_str":"0.02689100","price":0.00877763,"price_str":"0.00877763","type":1,"microtimestamp":"1695977194363000","buy_order_id":1667654234710016,"sell_order_id":1667654531915776},"channel":"live_trades_bchbtc","event":"trade"}
{"data":{"id":300644288,"timestamp":"1695977954","amount":0.045965,"amount_str":"0.04596500","price":0.00874538,"price_str":"0.00874538","type":1,"microtimestamp":"1695977954813000","buy_order_id":1667657641328641,"sell_order_id":1667657646714880},"channel":"live_trades_bchbtc","event":"trade"}
{"data":{"id":300644804,"timestamp":"1695978333","amount":0.10917,"amount_str":"0.10917000","price":0.00876,"price_str":"0.00876000","type":0,"microtimestamp":"1695978333900000","buy_order_id":1667659199459328,"sell_order_id":1667659126210560},"channel":"live_trades_bchbtc","event":"trade"}
{"data":{"id":300645218,"timestamp":"1695978705","amount":0.044742,"amount_str":"0.04474200","price":0.00875,"price_str":"0.00875000","type":1,"microtimestamp":"1695978705116000","buy_order_id":1667660607918080,"sell_order_id":1667660719955971},"channel":"live_trades_bchbtc","event":"trade"}
{"data":{"id":300646120,"timestamp":"1695979437","amount":2.36561561,"amount_str":"2.36561561","price":0.00873447,"price_str":"0.00873447","type":1,"microtimestamp":"1695979437463000","buy_order_id":1667663639973888,"sell_order_id":1667663719653376},"channel":"live_trades_bchbtc","event":"trade"}
{"data":{"id":300646121,"timestamp":"1695979437","amount":2.96788693,"amount_str":"2.96788693","price":0.00873447,"price_str":"0.00873447","type":1,"microtimestamp":"1695979437590000","buy_order_id":1667663639973888,"sell_order_id":1667663720173571},"channel":"live_trades_bchbtc","event":"trade"}
{"data":{"id":300646122,"timestamp":"1695979437","amount":3.0079724,"amount_str":"3.00797240","price":0.00873447,"price_str":"0.00873447","type":1,"microtimestamp":"1695979437756000","buy_order_id":1667663639973888,"sell_order_id":1667663720853508},"channel":"live_trades_bchbtc","event":"trade"}
{"data":{"id":300646123,"timestamp":"1695979437","amount":3.16963562,"amount_str":"3.16963562","price":0.00873447,"price_str":"0.00873447","type":1,"microtimestamp":"1695979437870000","buy_order_id":1667663639973888,"sell_order_id":1667663721316353},"channel":"live_trades_bchbtc","event":"trade"}
{"data":{"id":300646124,"timestamp":"1695979437","amount":3.0323666,"amount_str":"3.03236660","price":0.00873447,"price_str":"0.00873447","type":1,"microtimestamp":"1695979437977000","buy_order_id":1667663639973888,"sell_order_id":1667663721758720},"channel":"live_trades_bchbtc","event":"trade"}
{"data":{"id":300646125,"timestamp":"1695979438","amount":0.45652284,"amount_str":"0.45652284","price":0.00873447,"price_str":"0.00873447","type":1,"microtimestamp":"1695979438112000","buy_order_id":1667663639973888,"sell_order_id":1667663722307584},"channel":"live_trades_bchbtc","event":"trade"}
{"data":{"id":300647167,"timestamp":"1695980421","amount":0.118944,"amount_str":"0.11894400","price":0.0087109,"price_str":"0.00871090","type":1,"microtimestamp":"1695980421551000","buy_order_id":1667667748716545,"sell_order_id":1667667750477824},"channel":"live_trades_bchbtc","event":"trade"}
{"data":{"id":300648813,"timestamp":"1695982190","amount":3.67899634,"amount_str":"3.67899634","price":0.00867707,"price_str":"0.00867707","type":1,"microtimestamp":"1695982190013000","buy_order_id":1667674988974080,"sell_order_id":1667674994094086},"channel":"live_trades_bchbtc","event":"trade"}
{"data":{"id":300648832,"timestamp":"1695982193","amount":1,"amount_str":"1.00000000","price":0.0086573,"price_str":"0.00865730","type":1,"microtimestamp":"1695982193145000","buy_order_id":1667674998661120,"sell_order_id":1667675006926850},"channel":"live_trades_bchbtc","event":"trade"}
{"data":{"id":300649778,"timestamp":"1695982984","amount":0.181757,"amount_str":"0.18175700","price":0.00868849,"price_str":"0.00868849","type":0,"microtimestamp":"1695982984525000","buy_order_id":1667678248419328,"sell_order_id":1667678205272065},"channel":"live_trades_bchbtc","event":"trade"}
{"data":{"id":300650556,"timestamp":"1695983693","amount":0.063446,"amount_str":"0.06344600","price":0.00866254,"price_str":"0.00866254","type":1,"microtimestamp":"1695983693487000","buy_order_id":1667680734326786,"sell_order_id":1667681152323586},"channel":"live_trades_bchbtc","event":"trade"}
{"data":{"id":300650701,"timestamp":"1695983880","amount":0.080336,"amount_str":"0.08033600","price":0.0086636,"price_str":"0.00866360","type":1,"microtimestamp":"1695983880740000","buy_order_id":1667681842831362,"sell_order_id":1667681919315968},"channel":"live_trades_bchbtc","event":"trade"}
{"data":{"id":300651183,"timestamp":"1695984388","amount":0.054075,"amount_str":"0.05407500","price":0.00866894,"price_str":"0.00866894","type":0,"microtimestamp":"1695984388026000","buy_order_id":1667683997159425,"sell_order_id":1667683996413952},"channel":"live_trades_bchbtc","event":"trade"}
{"data":{"id":300652285,"timestamp":"1695985423","amount":0.124371,"amount_str":"0.12437100","price":0.00867691,"price_str":"0.00867691","type":1,"microtimestamp":"1695985423865000","buy_order_id":1667688143249408,"sell_order_id":1667688239955968},"channel":"live_trades_bchbtc","event":"trade"}
{"data":{"id":300652745,"timestamp":"1695985872","amount":2.45760843,"amount_str":"2.45760843","price":0.00865664,"price_str":"0.00865664","type":1,"microtimestamp":"1695985872553000","buy_order_id":1667690077384704,"sell_order_id":1667690077782018},"channel":"live_trades_bchbtc","event":"trade"}
{"data":{"id":300652746,"timestamp":"1695985872","amount":2.44469492,"amount_str":"2.44469492","price":0.00865664,"price_str":"0.00865664","type":1,"microtimestamp":"1695985872715000","buy_order_id":1667690077384704,"sell_order_id":1667690078445568},"channel":"live_trades_bchbtc","event":"trade"}
{"data":{"id":300652748,"timestamp":"1695985872","amount":0.69868762,"amount_str":"0.69868762","price":0.00865664,"price_str":"0.00865664","type":1,"microtimestamp":"1695985872891000","buy_order_id":1667690077384704,"sell_order_id":1667690079166464},"channel":"live_trades_bchbtc","event":"trade"}
{"data":{"id":300652905,"timestamp":"1695985985","amount":0.03189,"amount_str":"0.03189000","price":0.00866,"price_str":"0.00866000","type":1,"microtimestamp":"1695985985958000","buy_order_id":1667690541453312,"sell_order_id":1667690542288896},"channel":"live_trades_bchbtc","event":"trade"}
{"data":{"id":300652973,"timestamp":"1695986052","amount":0.088136,"amount_str":"0.08813600","price":0.0086576,"price_str":"0.00865760","type":1,"microtimestamp":"1695986052084000","buy_order_id":1667690809098240,"sell_order_id":1667690813140992},"channel":"live_trades_bchbtc","event":"trade"}
{"data":{"id":300653893,"timestamp":"1695986912","amount":0.179043,"amount_str":"0.17904300","price":0.00867,"price_str":"0.00867000","type":0,"microtimestamp":"1695986912158000","buy_order_id":1667694336004096,"sell_order_id":1667694335410176},"channel":"live_trades_bchbtc","event":"trade"}
{"data":{"id":300653925,"timestamp":"1695986972","amount":0.60048,"amount_str":"0.60048000","price":0.00866,"price_str":"0.00866000","type":0,"microtimestamp":"1695986972246000","buy_order_id":1667694582124545,"sell_order_id":1667694503641088},"channel":"live_trades_bchbtc","event":"trade"}
{"data":{"id":300655034,"timestamp":"1695987914","amount":0.267897,"amount_str":"0.26789700","price":0.00868,"price_str":"0.00868000","type":0,"microtimestamp":"1695987914176000","buy_order_id":1667698440269824,"sell_order_id":1667698392379393},"channel":"live_trades_bchbtc","event":"trade"}
{"data":{"id":300656126,"timestamp":"1695988897","amount":0.063088,"amount_str":"0.06308800","price":0.0086777,"price_str":"0.00867770","type":0,"microtimestamp":"1695988897534000","buy_order_id":1667702468100098,"sell_order_id":1667702463000577},"channel":"live_trades_bchbtc","event":"trade"}
{"data":{"id":300657117,"timestamp":"1695989128","amount":0.07966,"amount_str":"0.07966000","price":0.00863213,"price_str":"0.00863213","type":0,"microtimestamp":"1695989128033000","buy_order_id":1667703412228096,"sell_order_id":1667703409504258},"channel":"live_trades_bchbtc","event":"trade"}
{"data":{"id":300660943,"timestamp":"1695989683","amount":0.068183,"amount_str":"0.06818300","price":0.00865066,"price_str":"0.00865066","type":1,"microtimestamp":"1695989683042000","buy_order_id":1667705683308545,"sell_order_id":1667705685544960},"channel":"live_trades_bchbtc","event":"trade"}
{"data":{"id":300661987,"timestamp":"1695990039","amount":0.034184,"amount_str":"0.03418400","price":0.00864571,"price_str":"0.00864571","type":1,"microtimestamp":"1695990039950000","buy_order_id":1667707088257025,"sell_order_id":1667707147440128},"channel":"live_trades_bchbtc","event":"trade"}
{"data":{"id":300663263,"timestamp":"1695990489","amount":0.063151,"amount_str":"0.06315100","price":0.00863,"price_str":"0.00863000","type":0,"microtimestamp":"1695990489760000","buy_order_id":1667708989861888,"sell_order_id":1667708989272064},"channel":"live_trades_bchbtc","event":"trade"}
{"data":{"id":300663320,"timestamp":"1695990519","amount":0.039888,"amount_str":"0.03988800","price":0.00863963,"price_str":"0.00863963","type":0,"microtimestamp":"1695990519501000","buy_order_id":1667709111676928,"sell_order_id":1667709037944832},"channel":"live_trades_bchbtc","event":"trade"}
{"data":{"id":300664734,"timestamp":"1695990855","amount":0.089289,"amount_str":"0.08928900","price":0.00866,"price_str":"0.00866000","type":1,"microtimestamp":"1695990855556000","buy_order_id":1667710487957505,"sell_order_id":1667710488162306},"channel":"live_trades_bchbtc","event":"trade"}
{"data":{"id":300665337,"timestamp":"1695991161","amount":2.14325167,"amount_str":"2.14325167","price":0.00864261,"price_str":"0.00864261","type":1,"microtimestamp":"1695991161241000","buy_order_id":1667711691210754,"sell_order_id":1667711740248066},"channel":"live_trades_bchbtc","event":"trade"}
{"data":{"id":300665338,"timestamp":"1695991161","amount":1.75576033,"amount_str":"1.75576033","price":0.00863861,"price_str":"0.00863861","type":1,"microtimestamp":"1695991161241000","buy_order_id":1667711697391617,"sell_order_id":1667711740248066},"channel":"live_trades_bchbtc","event":"trade"}
{"data":{"id":300667880,"timestamp":"1695992571","amount":0.044203,"amount_str":"0.04420300","price":0.00865994,"price_str":"0.00865994","type":0,"microtimestamp":"1695992571316000","buy_order_id":1667717515915268,"sell_order_id":1667717454700545},"channel":"live_trades_bchbtc","event":"trade"}
{"data":{"id":300668479,"timestamp":"1695992924","amount":1,"amount_str":"1.00000000","price":0.0086504,"price_str":"0.00865040","type":1,"microtimestamp":"1695992924133000","buy_order_id":1667718862000129,"sell_order_id":1667718961053698},"channel":"live_trades_bchbtc","event":"trade"}
{"data":{"id":300668853,"timestamp":"1695993135","amount":0.213363,"amount_str":"0.21336300","price":0.00864418,"price_str":"0.00864418","type":0,"microtimestamp":"1695993135789000","buy_order_id":1667719827996672,"sell_order_id":1667719789682690},"channel":"live_trades_bchbtc","event":"trade"}
{"data":{"id":300671257,"timestamp":"1695994651","amount":1,"amount_str":"1.00000000","price":0.0086021,"price_str":"0.00860210","type":0,"microtimestamp":"1695994651839000","buy_order_id":1667726037737473,"sell_order_id":1667725917675521},"channel":"live_trades_bchbtc","event":"trade"}
{"data":{"id":300672834,"timestamp":"1695995402","amount":0.112753,"amount_str":"0.11275300","price":0.00861829,"price_str":"0.00861829","type":0,"microtimestamp":"1695995402641000","buy_order_id":1667729113022465,"sell_order_id":1667729079312385},"channel":"live_trades_bchbtc","event":"trade"}
{"data":{"id":300673717,"timestamp":"1695995913","amount":0.030496,"amount_str":"0.03049600","price":0.00861378,"price_str":"0.00861378","type":1,"microtimestamp":"1695995913188000","buy_order_id":1667731168108544,"sell_order_id":1667731204222976},"channel":"live_trades_bchbtc","event":"trade"}
{"data":{"id":300673719,"timestamp":"1695995913","amount":0.052188,"amount_str":"0.05218800","price":0.00861378,"price_str":"0.00861378","type":1,"microtimestamp":"1695995913350000","buy_order_id":1667731168108544,"sell_order_id":1667731204882432},"channel":"live_trades_bchbtc","event":"trade"}
{"data":{"id":300673726,"timestamp":"1695995923","amount":0.031585,"amount_str":"0.03158500","price":0.00861378,"price_str":"0.00861378","type":1,"microtimestamp":"1695995923531000","buy_order_id":1667731168108544,"sell_order_id":1667731246587904},"channel":"live_trades_bchbtc","event":"trade"}
{"data":{"id":300673921,"timestamp":"1695995991","amount":0.035426,"amount_str":"0.03542600","price":0.00861169,"price_str":"0.00861169","type":1,"microtimestamp":"1695995991172000","buy_order_id":1667731519348738,"sell_order_id":1667731523641344},"channel":"live_trades_bchbtc","event":"trade"}
{"data":{"id":300674644,"timestamp":"1695996380","amount":0.113932,"amount_str":"0.11393200","price":0.00860696,"price_str":"0.00860696","type":1,"microtimestamp":"1695996380678000","buy_order_id":1667733085917185,"sell_order_id":1667733119062016},"channel":"live_trades_bchbtc","event":"trade"}
{"data":{"id":300675572,"timestamp":"1695996575","amount":0.87065459,"amount_str":"0.87065459","price":0.00859108,"price_str":"0.00859108","type":1,"microtimestamp":"1695996575472000","buy_order_id":1667733910601730,"sell_order_id":1667733916938241},"channel":"live_trades_bchbtc","event":"trade"}
{"data":{"id":300677566,"timestamp":"1695997310","amount":2.27437855,"amount_str":"2.27437855","price":0.00861151,"price_str":"0.00861151","type":1,"microtimestamp":"1695997310166000","buy_order_id":1667736875855872,"sell_order_id":1667736926244864},"channel":"live_trades_bchbtc","event":"trade"}
{"data":{"id":300677567,"timestamp":"1695997310","amount":2.89593204,"amount_str":"2.89593204","price":0.00861151,"price_str":"0.00861151","type":1,"microtimestamp":"1695997310264000","buy_order_id":1667736875855872,"sell_order_id":1667736926646272},"channel":"live_trades_bchbtc","event":"trade"}
{"data":{"id":300677568,"timestamp":"1695997310","amount":2.80275992,"amount_str":"2.80275992","price":0.00861151,"price_str":"0.00861151","type":1,"microtimestamp":"1695997310368000","buy_order_id":1667736875855872,"sell_order_id":1667736927068161},"channel":"live_trades_bchbtc","event":"trade"}
{"data":{"id":300677569,"timestamp":"1695997310","amount":2.68727205,"amount_str":"2.68727205","price":0.00861151,"price_str":"0.00861151","type":1,"microtimestamp":"1695997310484000","buy_order_id":1667736875855872,"sell_order_id":1667736927547392},"channel":"live_trades_bchbtc","event":"trade"}
{"data":{"id":300677570,"timestamp":"1695997310","amount":2.66880753,"amount_str":"2.66880753","price":0.00861151,"price_str":"0.00861151","type":1,"microtimestamp":"1695997310595000","buy_order_id":1667736875855872,"sell_order_id":1667736928002048},"channel":"live_trades_bchbtc","event":"trade"}
{"data":{"id":300677571,"timestamp":"1695997310","amount":1.67084991,"amount_str":"1.67084991","price":0.00861151,"price_str":"0.00861151","type":1,"microtimestamp":"1695997310700000","buy_order_id":1667736875855872,"sell_order_id":1667736928428032},"channel":"live_trades_bchbtc","event":"trade"}
{"data":{"id":300678318,"timestamp":"1695997837","amount":0.049439,"amount_str":"0.04943900","price":0.00861555,"price_str":"0.00861555","type":0,"microtimestamp":"1695997837132000","buy_order_id":1667739084697600,"sell_order_id":1667739008360449},"channel":"live_trades_bchbtc","event":"trade"}
{"data":{"id":300681399,"timestamp":"1695999067","amount":1,"amount_str":"1.00000000","price":0.008626,"price_str":"0.00862600","type":1,"microtimestamp":"1695999067233000","buy_order_id":1667744104701955,"sell_order_id":1667744123187200},"channel":"live_trades_bchbtc","event":"trade"}
{"data":{"id":300682710,"timestamp":"1695999772","amount":0.065962,"amount_str":"0.06596200","price":0.00866,"price_str":"0.00866000","type":1,"microtimestamp":"1695999772560000","buy_order_id":1667747011678208,"sell_order_id":1667747012210689},"channel":"live_trades_bchbtc","event":"trade"}
{"data":{"id":300682711,"timestamp":"1695999773","amount":0.088807,"amount_str":"0.08880700","price":0.00866,"price_str":"0.00866000","type":1,"microtimestamp":"1695999773386000","buy_order_id":1667747014905856,"sell_order_id":1667747015589888},"channel":"live_trades_bchbtc","event":"trade"}
{"data":{"id":300682843,"timestamp":"1695999894","amount":0.089131,"amount_str":"0.08913100","price":0.00866085,"price_str":"0.00866085","type":0,"microtimestamp":"1695999894454000","buy_order_id":1667747511488512,"sell_order_id":1667747464245249},"channel":"live_trades_bchbtc","event":"trade"}
{"data":{"id":300682991,"timestamp":"1696000033","amount":0.890719,"amount_str":"0.89071900","price":0.00866566,"price_str":"0.00866566","type":0,"microtimestamp":"1696000033491000","buy_order_id":1667748080984064,"sell_order_id":1667747910615041},"channel":"live_trades_bchbtc","event":"trade"}
{"data":{"id":300684916,"timestamp":"1696001537","amount":0.086336,"amount_str":"0.08633600","price":0.00865577,"price_str":"0.00865577","type":1,"microtimestamp":"1696001537823000","buy_order_id":1667754227138560,"sell_order_id":1667754242727936},"channel":"live_trades_bchbtc","event":"trade"}
{"data":{"id":300686306,"timestamp":"1696002769","amount":0.039521,"amount_str":"0.03952100","price":0.00863511,"price_str":"0.00863511","type":1,"microtimestamp":"1696002769267000","buy_order_id":1667759279865856,"sell_order_id":1667759286722560},"channel":"live_trades_bchbtc","event":"trade"}
{"data":{"id":300687214,"timestamp":"1696003423","amount":0.10008,"amount_str":"0.10008000","price":0.00865,"price_str":"0.00865000","type":0,"microtimestamp":"1696003423350000","buy_order_id":1667761965846528,"sell_order_id":1667761962536963},"channel":"live_trades_bchbtc","event":"trade"}
{"data":{"id":300688879,"timestamp":"1696004539","amount":0.178227,"amount_str":"0.17822700","price":0.0086272,"price_str":"0.00862720","type":0,"microtimestamp":"1696004539156000","buy_order_id":1667766536187905,"sell_order_id":1667766532554753},"channel":"live_trades_bchbtc","event":"trade"}
{"data":{"id":300688880,"timestamp":"1696004539","amount":0.370278,"amount_str":"0.37027800","price":0.0086272,"price_str":"0.00862720","type":0,"microtimestamp":"1696004539558000","buy_order_id":1667766537834497,"sell_order_id":1667766532554753},"channel":"live_trades_bchbtc","event":"trade"}
{"data":{"id":300688881,"timestamp":"1696004539","amount":0.0428,"amount_str":"0.04280000","price":0.0086272,"price_str":"0.00862720","type":0,"microtimestamp":"1696004539690000","buy_order_id":1667766538375168,"sell_order_id":1667766532554753},"channel":"live_trades_bchbtc","event":"trade"}
{"data":{"id":300688882,"timestamp":"1696004539","amount":0.069662,"amount_str":"0.06966200","price":0.0086272,"price_str":"0.00862720","type":0,"microtimestamp":"1696004539788000","buy_order_id":1667766538776576,"sell_order_id":1667766532554753},"channel":"live_trades_bchbtc","event":"trade"}
{"data":{"id":300688883,"timestamp":"1696004539","amount":0.038323,"amount_str":"0.03832300","price":0.0086272,"price_str":"0.00862720","type":0,"microtimestamp":"1696004539876000","buy_order_id":1667766539137024,"sell_order_id":1667766532554753},"channel":"live_trades_bchbtc","event":"trade"}
{"data":{"id":300691271,"timestamp":"1696006916","amount":2.05444199,"amount_str":"2.05444199","price":0.00860575,"price_str":"0.00860575","type":1,"microtimestamp":"1696006916385000","buy_order_id":1667776266063872,"sell_order_id":1667776273317888},"channel":"live_trades_bchbtc","event":"trade"}
{"data":{"id":300691327,"timestamp":"1696006963","amount":1,"amount_str":"1.00000000","price":0.0086151,"price_str":"0.00861510","type":0,"microtimestamp":"1696006963158000","buy_order_id":1667776464900097,"sell_order_id":1667776383115264},"channel":"live_trades_bchbtc","event":"trade"}
{"data":{"id":300696658,"timestamp":"1696010920","amount":0.034868,"amount_str":"0.03486800","price":0.00861305,"price_str":"0.00861305","type":1,"microtimestamp":"1696010920380000","buy_order_id":1667792407412737,"sell_order_id":1667792673681408},"channel":"live_trades_bchbtc","event":"trade"}
{"data":{"id":300699071,"timestamp":"1696012206","amount":0.041273,"amount_str":"0.04127300","price":0.00864607,"price_str":"0.00864607","type":1,"microtimestamp":"1696012206069000","buy_order_id":1667797919834112,"sell_order_id":1667797939863552},"channel":"live_trades_bchbtc","event":"trade"}
{"data":{"id":300703741,"timestamp":"1696014089","amount":1,"amount_str":"1.00000000","price":0.0086695,"price_str":"0.00866950","type":0,"microtimestamp":"1696014089988000","buy_order_id":1667805656395782,"sell_order_id":1667805602131969},"channel":"live_trades_bchbtc","event":"trade"}
{"data":{"id":300704555,"timestamp":"1696014448","amount":0.093074,"amount_str":"0.09307400","price":0.00866928,"price_str":"0.00866928","type":1,"microtimestamp":"1696014448578000","buy_order_id":1667805731676160,"sell_order_id":1667807125180416},"channel":"live_trades_bchbtc","event":"trade"}
{"event":"bts:subscription_succeeded","channel":"live_trades_bchbtc","data":{}}
{"data":{"id":300707241,"timestamp":"1696017197","amount":2.24673084,"amount_str":"2.24673084","price":0.00876751,"price_str":"0.00876751","type":0,"microtimestamp":"1696017197141000","buy_order_id":1667818383294464,"sell_order_id":1667818311208960},"channel":"live_trades_bchbtc","event":"trade"}
{"data":{"id":300707242,"timestamp":"1696017197","amount":4.62808507,"amount_str":"4.62808507","price":0.00876751,"price_str":"0.00876751","type":0,"microtimestamp":"1696017197251000","buy_order_id":1667818383745024,"sell_order_id":1667818311208960},"channel":"live_trades_bchbtc","event":"trade"}
{"data":{"id":300707244,"timestamp":"1696017197","amount":5.1728314,"amount_str":"5.17283140","price":0.00876751,"price_str":"0.00876751","type":0,"microtimestamp":"1696017197352000","buy_order_id":1667818384154624,"sell_order_id":1667818311208960},"channel":"live_trades_bchbtc","event":"trade"}
{"data":{"id":300707247,"timestamp":"1696017197","amount":2.95235269,"amount_str":"2.95235269","price":0.00876751,"price_str":"0.00876751","type":0,"microtimestamp":"1696017197520000","buy_order_id":1667818384846848,"sell_order_id":1667818311208960},"channel":"live_trades_bchbtc","event":"trade"}
{"data":{"id":300708185,"timestamp":"1696017661","amount":2.10682607,"amount_str":"2.10682607","price":0.00881645,"price_str":"0.00881645","type":1,"microtimestamp":"1696017661491000","buy_order_id":1667820265746432,"sell_order_id":1667820285267969},"channel":"live_trades_bchbtc","event":"trade"}
{"data":{"id":300708186,"timestamp":"1696017661","amount":7.89344793,"amount_str":"7.89344793","price":0.00881206,"price_str":"0.00881206","type":1,"microtimestamp":"1696017661491000","buy_order_id":1667820254425090,"sell_order_id":1667820285267969},"channel":"live_trades_bchbtc","event":"trade"}
{"data":{"id":300708703,"timestamp":"1696017710","amount":2.12892868,"amount_str":"2.12892868","price":0.00883547,"price_str":"0.00883547","type":0,"microtimestamp":"1696017710143000","buy_order_id":1667820484546562,"sell_order_id":1667820465831938},"channel":"live_trades_bchbtc","event":"trade"}
{"data":{"id":300708706,"timestamp":"1696017710","amount":2.17481955,"amount_str":"2.17481955","price":0.00883547,"price_str":"0.00883547","type":0,"microtimestamp":"1696017710313000","buy_order_id":1667820485246976,"sell_order_id":1667820465831938},"channel":"live_trades_bchbtc","event":"trade"}
{"data":{"id":300708712,"timestamp":"1696017717","amount":2.10454533,"amount_str":"2.10454533","price":0.00883547,"price_str":"0.00883547","type":0,"microtimestamp":"1696017717062000","buy_order_id":1667820512886784,"sell_order_id":1667820465831938},"channel":"live_trades_bchbtc","event":"trade"}
{"data":{"id":300708713,"timestamp":"1696017717","amount":2.74965377,"amount_str":"2.74965377","price":0.00883547,"price_str":"0.00883547","type":0,"microtimestamp":"1696017717271000","buy_order_id":1667820513746944,"sell_order_id":1667820465831938},"channel":"live_trades_bchbtc","event":"trade"}
{"data":{"id":300708714,"timestamp":"1696017717","amount":1.84205267,"amount_str":"1.84205267","price":0.00883547,"price_str":"0.00883547","type":0,"microtimestamp":"1696017717399000","buy_order_id":1667820514267136,"sell_order_id":1667820465831938},"channel":"live_trades_bchbtc","event":"trade"}
{"data":{"id":300709485,"timestamp":"1696017943","amount":1,"amount_str":"1.00000000","price":0.0088313,"price_str":"0.00883130","type":1,"microtimestamp":"1696017943711000","buy_order_id":1667821437005824,"sell_order_id":1667821441245185},"channel":"live_trades_bchbtc","event":"trade"}
{"data":{"id":300709496,"timestamp":"1696017943","amount":4.48168392,"amount_str":"4.48168392","price":0.00882,"price_str":"0.00882000","type":1,"microtimestamp":"1696017943895000","buy_order_id":1667821097893889,"sell_order_id":1667821441994754},"channel":"live_trades_bchbtc","event":"trade"}
{"data":{"id":300709842,"timestamp":"1696018047","amount":0.085682,"amount_str":"0.08568200","price":0.00881,"price_str":"0.00881000","type":0,"microtimestamp":"1696018047763000","buy_order_id":1667821867442176,"sell_order_id":1667821866663936},"channel":"live_trades_bchbtc","event":"trade"}
{"data":{"id":300711523,"timestamp":"1696018347","amount":1.91536332,"amount_str":"1.91536332","price":0.00874,"price_str":"0.00874000","type":1,"microtimestamp":"1696018347467000","buy_order_id":1667822942580736,"sell_order_id":1667823095025668},"channel":"live_trades_bchbtc","event":"trade"}
{"data":{"id":300711526,"timestamp":"1696018347","amount":9.57096946,"amount_str":"9.57096946","price":0.00874,"price_str":"0.00874000","type":1,"microtimestamp":"1696018347469000","buy_order_id":1667822942580736,"sell_order_id":1667823095033866},"channel":"live_trades_bchbtc","event":"trade"}
{"data":{"id":300711542,"timestamp":"1696018347","amount":9.57757754,"amount_str":"9.57757754","price":0.00873,"price_str":"0.00873000","type":1,"microtimestamp":"1696018347825000","buy_order_id":1667823096090628,"sell_order_id":1667823096492034},"channel":"live_trades_bchbtc","event":"trade"}
{"data":{"id":300711551,"timestamp":"1696018348","amount":0.82771428,"amount_str":"0.82771428","price":0.00874199,"price_str":"0.00874199","type":1,"microtimestamp":"1696018348153000","buy_order_id":1667823097008130,"sell_order_id":1667823097839617},"channel":"live_trades_bchbtc","event":"trade"}
{"data":{"id":300711693,"timestamp":"1696018425","amount":0.58010024,"amount_str":"0.58010024","price":0.00873287,"price_str":"0.00873287","type":0,"microtimestamp":"1696018425307000","buy_order_id":1667823413858305,"sell_order_id":1667823357243392},"channel":"live_trades_bchbtc","event":"trade"}
{"data":{"id":300712017,"timestamp":"1696018460","amount":0.54302001,"amount_str":"0.54302001","price":0.00873791,"price_str":"0.00873791","type":0,"microtimestamp":"1696018460782000","buy_order_id":1667823559163906,"sell_order_id":1667823425421313},"channel":"live_trades_bchbtc","event":"trade"}
{"data":{"id":300712337,"timestamp":"1696018500","amount":0.81816061,"amount_str":"0.81816061","price":0.00874574,"price_str":"0.00874574","type":0,"microtimestamp":"1696018500303000","buy_order_id":1667823721041920,"sell_order_id":1667823682043904},"channel":"live_trades_bchbtc","event":"trade"}
{"data":{"id":300713276,"timestamp":"1696018605","amount":0.47120007,"amount_str":"0.47120007","price":0.00872589,"price_str":"0.00872589","type":0,"microtimestamp":"1696018605704000","buy_order_id":1667824152768512,"sell_order_id":1667824065404928},"channel":"live_trades_bchbtc","event":"trade"}
{"data":{"id":300713472,"timestamp":"1696018616","amount":0.47113933,"amount_str":"0.47113933","price":0.00872589,"price_str":"0.00872589","type":0,"microtimestamp":"1696018616771000","buy_order_id":1667824198098944,"sell_order_id":1667824065404928},"channel":"live_trades_bchbtc","event":"trade"}
{"data":{"id":300713563,"timestamp":"1696018622","amount":0.47118722,"amount_str":"0.47118722","price":0.00872651,"price_str":"0.00872651","type":0,"microtimestamp":"1696018622976000","buy_order_id":1667824223514624,"sell_order_id":1667824064876544},"channel":"live_trades_bchbtc","event":"trade"}
{"data":{"id":300714007,"timestamp":"1696018702","amount":0.15072317,"amount_str":"0.15072317","price":0.00872414,"price_str":"0.00872414","type":0,"microtimestamp":"1696018702056000","buy_order_id":1667824547426307,"sell_order_id":1667824529391617},"channel":"live_trades_bchbtc","event":"trade"}
{"data":{"id":300714091,"timestamp":"1696018706","amount":0.14001444,"amount_str":"0.14001444","price":0.0087261,"price_str":"0.00872610","type":0,"microtimestamp":"1696018706986000","buy_order_id":1667824567615488,"sell_order_id":1667824553267200},"channel":"live_trades_bchbtc","event":"trade"}
{"data":{"id":300714576,"timestamp":"1696018792","amount":0.45090201,"amount_str":"0.45090201","price":0.00872999,"price_str":"0.00872999","type":0,"microtimestamp":"1696018792304000","buy_order_id":1667824917082112,"sell_order_id":1667824892497920},"channel":"live_trades_bchbtc","event":"trade"}
{"data":{"id":300715527,"timestamp":"1696019136","amount":1,"amount_str":"1.00000000","price":0.0087061,"price_str":"0.00870610","type":1,"microtimestamp":"1696019136419000","buy_order_id":1667826302119936,"sell_order_id":1667826326577153},"channel":"live_trades_bchbtc","event":"trade"}
{"data":{"id":300715586,"timestamp":"1696019196","amount":0.3701071,"amount_str":"0.37010710","price":0.00869563,"price_str":"0.00869563","type":1,"microtimestamp":"1696019196286000","buy_order_id":1667826539900930,"sell_order_id":1667826571792385},"channel":"live_trades_bchbtc","event":"trade"}
{"data":{"id":300716199,"timestamp":"1696019460","amount":1,"amount_str":"1.00000000","price":0.0086996,"price_str":"0.00869960","type":1,"microtimestamp":"1696019460709000","buy_order_id":1667827580129280,"sell_order_id":1667827654868993},"channel":"live_trades_bchbtc","event":"trade"}
{"data":{"id":300717209,"timestamp":"1696019984","amount":0.041312,"amount_str":"0.04131200","price":0.00872794,"price_str":"0.00872794","type":1,"microtimestamp":"1696019984437000","buy_order_id":1667829461454848,"sell_order_id":1667829800054784},"channel":"live_trades_bchbtc","event":"trade"}
{"data":{"id":300717911,"timestamp":"1696020244","amount":0.044175,"amount_str":"0.04417500","price":0.00872203,"price_str":"0.00872203","type":1,"microtimestamp":"1696020244759000","buy_order_id":1667830766563330,"sell_order_id":1667830866333697},"channel":"live_trades_bchbtc","event":"trade"}
{"data":{"id":300717934,"timestamp":"1696020271","amount":0.298613,"amount_str":"0.29861300","price":0.00872342,"price_str":"0.00872342","type":1,"microtimestamp":"1696020271246000","buy_order_id":1667830971392000,"sell_order_id":1667830974824448},"channel":"live_trades_bchbtc","event":"trade"}
{"data":{"id":300718465,"timestamp":"1696020615","amount":0.037317,"amount_str":"0.03731700","price":0.00870876,"price_str":"0.00870876","type":1,"microtimestamp":"1696020615699000","buy_order_id":1667832251674625,"sell_order_id":1667832385708032},"channel":"live_trades_bchbtc","event":"trade"}
{"data":{"id":300719371,"timestamp":"1696021001","amount":2.13442598,"amount_str":"2.13442598","price":0.00871015,"price_str":"0.00871015","type":1,"microtimestamp":"1696021001995000","buy_order_id":1667833923641344,"sell_order_id":1667833967976448},"channel":"live_trades_bchbtc","event":"trade"}
{"data":{"id":300719372,"timestamp":"1696021001","amount":0.86797602,"amount_str":"0.86797602","price":0.00870439,"price_str":"0.00870439","type":1,"microtimestamp":"1696021001995000","buy_order_id":1667833867284481,"sell_order_id":1667833967976448},"channel":"live_trades_bchbtc","event":"trade"}
{"data":{"id":300722778,"timestamp":"1696022555","amount":1.032085,"amount_str":"1.03208500","price":0.00869984,"price_str":"0.00869984","type":1,"microtimestamp":"1696022555827000","buy_order_id":1667840112709632,"sell_order_id":1667840332472320},"channel":"live_trades_bchbtc","event":"trade"}
{"data":{"id":300723275,"timestamp":"1696022891","amount":0.83421018,"amount_str":"0.83421018","price":0.00871308,"price_str":"0.00871308","type":0,"microtimestamp":"1696022891899000","buy_order_id":1667841709023234,"sell_order_id":1667841660862464},"channel":"live_trades_bchbtc","event":"trade"}
{"data":{"id":300725813,"timestamp":"1696024343","amount":0.430844,"amount_str":"0.43084400","price":0.0086941,"price_str":"0.00869410","type":0,"microtimestamp":"1696024343345000","buy_order_id":1667847654141953,"sell_order_id":1667847573532673},"channel":"live_trades_bchbtc","event":"trade"}
{"data":{"id":300726344,"timestamp":"1696024539","amount":0.400902,"amount_str":"0.40090200","price":0.00868,"price_str":"0.00868000","type":0,"microtimestamp":"1696024539686000","buy_order_id":1667848458358784,"sell_order_id":1667848236789760},"channel":"live_trades_bchbtc","event":"trade"}
{"data":{"id":300726448,"timestamp":"1696024607","amount":0.027863,"amount_str":"0.02786300","price":0.00868074,"price_str":"0.00868074","type":1,"microtimestamp":"1696024607477000","buy_order_id":1667848459563008,"sell_order_id":1667848736030720},"channel":"live_trades_bchbtc","event":"trade"}
{"data":{"id":300726490,"timestamp":"1696024647","amount":0.0282,"amount_str":"0.02820000","price":0.00868738,"price_str":"0.00868738","type":0,"microtimestamp":"1696024647884000","buy_order_id":1667848901537792,"sell_order_id":1667848458567681},"channel":"live_trades_bchbtc","event":"trade"}
{"data":{"id":300726772,"timestamp":"1696024830","amount":0.59,"amount_str":"0.59000000","price":0.0086826,"price_str":"0.00868260","type":1,"microtimestamp":"1696024830655000","buy_order_id":1667849635880960,"sell_order_id":1667849650163712},"channel":"live_trades_bchbtc","event":"trade"}
{"data":{"id":300727072,"timestamp":"1696024930","amount":0.034465,"amount_str":"0.03446500","price":0.00869447,"price_str":"0.00869447","type":1,"microtimestamp":"1696024930538000","buy_order_id":1667850019270656,"sell_order_id":1667850059288578},"channel":"live_trades_bchbtc","event":"trade"}
{"data":{"id":300728261,"timestamp":"1696025484","amount":0.83595112,"amount_str":"0.83595112","price":0.00870582,"price_str":"0.00870582","type":0,"microtimestamp":"1696025484891000","buy_order_id":1667852329914368,"sell_order_id":1667852218884096},"channel":"live_trades_bchbtc","event":"trade"}
{"data":{"id":300730464,"timestamp":"1696026589","amount":2.19550296,"amount_str":"2.19550296","price":0.0087251,"price_str":"0.00872510","type":1,"microtimestamp":"1696026589547000","buy_order_id":1667856602619905,"sell_order_id":1667856854589440},"channel":"live_trades_bchbtc","event":"trade"}
{"data":{"id":300730644,"timestamp":"1696026739","amount":0.032836,"amount_str":"0.03283600","price":0.0087285,"price_str":"0.00872850","type":0,"microtimestamp":"1696026739045000","buy_order_id":1667857466933248,"sell_order_id":1667857460502528},"channel":"live_trades_bchbtc","event":"trade"}
{"data":{"id":300730738,"timestamp":"1696026896","amount":2.067084,"amount_str":"2.06708400","price":0.00873104,"price_str":"0.00873104","type":1,"microtimestamp":"1696026896217000","buy_order_id":1667858105442306,"sell_order_id":1667858110705665},"channel":"live_trades_bchbtc","event":"trade"}
{"data":{"id":300730747,"timestamp":"1696026916","amount":0.798315,"amount_str":"0.79831500","price":0.00873247,"price_str":"0.00873247","type":1,"microtimestamp":"1696026916225000","buy_order_id":1667858186174464,"sell_order_id":1667858192662528},"channel":"live_trades_bchbtc","event":"trade"}
{"data":{"id":300733107,"timestamp":"1696028428","amount":0.83826716,"amount_str":"0.83826716","price":0.0087302,"price_str":"0.00873020","type":0,"microtimestamp":"1696028428922000","buy_order_id":1667864388669440,"sell_order_id":1667864361779200},"channel":"live_trades_bchbtc","event":"trade"}
{"data":{"id":300735326,"timestamp":"1696030005","amount":0.02698978,"amount_str":"0.02698978","price":0.00873208,"price_str":"0.00873208","type":1,"microtimestamp":"1696030005523000","buy_order_id":1667870814576641,"sell_order_id":1667870846427136},"channel":"live_trades_bchbtc","event":"trade"}
{"data":{"id":300738095,"timestamp":"1696031400","amount":0.84231129,"amount_str":"0.84231129","price":0.0087544,"price_str":"0.00875440","type":0,"microtimestamp":"1696031400701000","buy_order_id":1667876561076224,"sell_order_id":1667876354899969},"channel":"live_trades_bchbtc","event":"trade"}
{"data":{"id":300738132,"timestamp":"1696031401","amount":0.84334849,"amount_str":"0.84334849","price":0.0087544,"price_str":"0.00875440","type":0,"microtimestamp":"1696031401984000","buy_order_id":1667876566331392,"sell_order_id":1667876354899969},"channel":"live_trades_bchbtc","event":"trade"}
{"data":{"id":300739082,"timestamp":"1696032059","amount":0.046622,"amount_str":"0.04662200","price":0.00873304,"price_str":"0.00873304","type":0,"microtimestamp":"1696032059783000","buy_order_id":1667879260672004,"sell_order_id":1667879254048769},"channel":"live_trades_bchbtc","event":"trade"}
{"data":{"id":300739363,"timestamp":"1696032161","amount":0.044225,"amount_str":"0.04422500","price":0.0087318,"price_str":"0.00873180","type":1,"microtimestamp":"1696032161032000","buy_order_id":1667879614291970,"sell_order_id":1667879675387904},"channel":"live_trades_bchbtc","event":"trade"}
{"data":{"id":300741104,"timestamp":"1696033122","amount":0.84384813,"amount_str":"0.84384813","price":0.0087445,"price_str":"0.00874450","type":0,"microtimestamp":"1696033122691000","buy_order_id":1667883614343169,"sell_order_id":1667883504267264},"channel":"live_trades_bchbtc","event":"trade"}
{"data":{"id":300741150,"timestamp":"1696033126","amount":0.84442163,"amount_str":"0.84442163","price":0.00874646,"price_str":"0.00874646","type":0,"microtimestamp":"1696033126180000","buy_order_id":1667883628638208,"sell_order_id":1667883623583747},"channel":"live_trades_bchbtc","event":"trade"}
{"data":{"id":300742112,"timestamp":"1696034189","amount":0.088771,"amount_str":"0.08877100","price":0.00873,"price_str":"0.00873000","type":0,"microtimestamp":"1696034189163000","buy_order_id":1667887982616576,"sell_order_id":1667887981764608},"channel":"live_trades_bchbtc","event":"trade"}
{"data":{"id":300742497,"timestamp":"1696034406","amount":1.235178,"amount_str":"1.23517800","price":0.00875,"price_str":"0.00875000","type":1,"microtimestamp":"1696034406917000","buy_order_id":1667888655986688,"sell_order_id":1667888874536960},"channel":"live_trades_bchbtc","event":"trade"}
{"data":{"id":300744193,"timestamp":"1696035363","amount":0.84838105,"amount_str":"0.84838105","price":0.00874086,"price_str":"0.00874086","type":0,"microtimestamp":"1696035363909000","buy_order_id":1667892794372096,"sell_order_id":1667892789714944},"channel":"live_trades_bchbtc","event":"trade"}
{"data":{"id":300744639,"timestamp":"1696035426","amount":0.85083152,"amount_str":"0.85083152","price":0.00873997,"price_str":"0.00873997","type":0,"microtimestamp":"1696035426116000","buy_order_id":1667893049176064,"sell_order_id":1667893047762944},"channel":"live_trades_bchbtc","event":"trade"}
{"data":{"id":300745762,"timestamp":"1696036159","amount":0.102945,"amount_str":"0.10294500","price":0.00873648,"price_str":"0.00873648","type":0,"microtimestamp":"1696036159591000","buy_order_id":1667896053489664,"sell_order_id":1667896036220929},"channel":"live_trades_bchbtc","event":"trade"}
{"data":{"id":300746122,"timestamp":"1696036850","amount":0.042775,"amount_str":"0.04277500","price":0.00872337,"price_str":"0.00872337","type":0,"microtimestamp":"1696036850656000","buy_order_id":1667898884087808,"sell_order_id":1667898876682240},"channel":"live_trades_bchbtc","event":"trade"}
{"data":{"id":300746183,"timestamp":"1696036973","amount":0.103048,"amount_str":"0.10304800","price":0.00870987,"price_str":"0.00870987","type":1,"microtimestamp":"1696036973263000","buy_order_id":1667899274473472,"sell_order_id":1667899386286080},"channel":"live_trades_bchbtc","event":"trade"}
{"data":{"id":300747326,"timestamp":"1696039442","amount":0.027122,"amount_str":"0.02712200","price":0.00865667,"price_str":"0.00865667","type":1,"microtimestamp":"1696039442348000","buy_order_id":1667909499109377,"sell_order_id":1667909499662336},"channel":"live_trades_bchbtc","event":"trade"}
{"data":{"id":300747706,"timestamp":"1696040018","amount":1,"amount_str":"1.00000000","price":0.0086787,"price_str":"0.00867870","type":0,"microtimestamp":"1696040018717000","buy_order_id":1667911860469760,"sell_order_id":1667911739953152},"channel":"live_trades_bchbtc","event":"trade"}
