{"event":"bts:subscription_succeeded","channel":"live_trades_bchusd","data":{}}
{"data":{"id":300608276,"timestamp":"1695948651","amount":0.2362,"amount_str":"0.23620000","price":237.04,"price_str":"237.04","type":1,"microtimestamp":"1695948651843000","buy_order_id":1667537619673088,"sell_order_id":1667537621749760},"channel":"live_trades_bchusd","event":"trade"}
{"data":{"id":300608277,"timestamp":"1695948651","amount":0.06631158,"amount_str":"0.06631158","price":236.95,"price_str":"236.95","type":1,"microtimestamp":"1695948651843000","buy_order_id":1667537619464192,"sell_order_id":1667537621749760},"channel":"live_trades_bchusd","event":"trade"}
{"data":{"id":300608495,"timestamp":"1695948951","amount":0.4725,"amount_str":"0.47250000","price":237.51,"price_str":"237.51","type":0,"microtimestamp":"1695948951334000","buy_order_id":1667538848468992,"sell_order_id":1667538847797250},"channel":"live_trades_bchusd","event":"trade"}
{"data":{"id":300608496,"timestamp":"1695948951","amount":0.4725,"amount_str":"0.47250000","price":237.51,"price_str":"237.51","type":0,"microtimestamp":"1695948951335000","buy_order_id":1667538848473090,"sell_order_id":1667538847797250},"channel":"live_trades_bchusd","event":"trade"}
{"data":{"id":300608497,"timestamp":"1695948951","amount":0.055,"amount_str":"0.05500000","price":237.51,"price_str":"237.51","type":0,"microtimestamp":"1695948951337000","buy_order_id":1667538848481280,"sell_order_id":1667538847797250},"channel":"live_trades_bchusd","event":"trade"}
{"event":"bts:subscription_succeeded","channel":"live_trades_bchusd","data":{}}
{"data":{"id":300609723,"timestamp":"1695950708","amount":2.1213,"amount_str":"2.12130000","price":235.5,"price_str":"235.50","type":1,"microtimestamp":"1695950708051000","buy_order_id":1667546013597696,"sell_order_id":1667546043981824},"channel":"live_trades_bchusd","event":"trade"}
{"data":{"id":300609827,"timestamp":"1695950859","amount":1,"amount_str":"1.00000000","price":235.41,"price_str":"235.41","type":1,"microtimestamp":"1695950859452000","buy_order_id":1667546553065473,"sell_order_id":1667546664116229},"channel":"live_trades_bchusd","event":"trade"}
{"data":{"id":300610342,"timestamp":"1695951592","amount":1.90257259,"amount_str":"1.90257259","price":236.24,"price_str":"236.24","type":0,"microtimestamp":"1695951592301000","buy_order_id":1667549665869829,"sell_order_id":1667549641363457},"channel":"live_trades_bchusd","event":"trade"}
{"data":{"id":300610656,"timestamp":"1695952046","amount":1.17829488,"amount_str":"1.17829488","price":236.41,"price_str":"236.41","type":0,"microtimestamp":"1695952046915000","buy_order_id":1667551527964672,"sell_order_id":1667551462002688},"channel":"live_trades_bchusd","event":"trade"}
{"data":{"id":300610667,"timestamp":"1695952055","amount":0.2,"amount_str":"0.20000000","price":236.25,"price_str":"236.25","type":1,"microtimestamp":"1695952055128000","buy_order_id":1667551529054209,"sell_order_id":1667551561609216},"channel":"live_trades_bchusd","event":"trade"}
{"data":{"id":300610668,"timestamp":"1695952055","amount":0.97829488,"amount_str":"0.97829488","price":236.24,"price_str":"236.24","type":1,"microtimestamp":"1695952055128000","buy_order_id":1667551528103937,"sell_order_id":1667551561609216},"channel":"live_trades_bchusd","event":"trade"}
{"data":{"id":300610676,"timestamp":"1695952067","amount":1.17829488,"amount_str":"1.17829488","price":236.52,"price_str":"236.52","type":0,"microtimestamp":"1695952067887000","buy_order_id":1667551613870084,"sell_order_id":1667551529881602},"channel":"live_trades_bchusd","event":"trade"}
{"data":{"id":300610702,"timestamp":"1695952119","amount":0.165,"amount_str":"0.16500000","price":236.91,"price_str":"236.91","type":0,"microtimestamp":"1695952119722000","buy_order_id":1667551826182150,"sell_order_id":1667551689822209},"channel":"live_trades_bchusd","event":"trade"}
{"data":{"id":300610703,"timestamp":"1695952119","amount":0.4725,"amount_str":"0.47250000","price":236.91,"price_str":"236.91","type":0,"microtimestamp":"1695952119723000","buy_order_id":1667551826186244,"sell_order_id":1667551689822209},"channel":"live_trades_bchusd","event":"trade"}
{"data":{"id":300610704,"timestamp":"1695952119","amount":0.4725,"amount_str":"0.47250000","price":236.91,"price_str":"236.91","type":0,"microtimestamp":"1695952119726000","buy_order_id":1667551826202624,"sell_order_id":1667551689822209},"channel":"live_trades_bchusd","event":"trade"}
{"data":{"id":300611346,"timestamp":"1695952997","amount":1.30801865,"amount_str":"1.30801865","price":237.06,"price_str":"237.06","type":0,"microtimestamp":"1695952997487000","buy_order_id":1667555421507584,"sell_order_id":1667555419258881},"channel":"live_trades_bchusd","event":"trade"}
{"data":{"id":300611718,"timestamp":"1695953799","amount":0.205,"amount_str":"0.20500000","price":236.41,"price_str":"236.41","type":0,"microtimestamp":"1695953799007000","buy_order_id":1667558704537600,"sell_order_id":1667558700961792},"channel":"live_trades_bchusd","event":"trade"}
{"data":{"id":300611770,"timestamp":"1695953901","amount":0.83237596,"amount_str":"0.83237596","price":236.37,"price_str":"236.37","type":0,"microtimestamp":"1695953901468000","buy_order_id":1667559124213760,"sell_order_id":1667558939381760},"channel":"live_trades_bchusd","event":"trade"}
{"data":{"id":300611771,"timestamp":"1695953901","amount":1,"amount_str":"1.00000000","price":236.37,"price_str":"236.37","type":0,"microtimestamp":"1695953901468000","buy_order_id":1667559124213760,"sell_order_id":1667559075241984},"channel":"live_trades_bchusd","event":"trade"}
{"data":{"id":300611772,"timestamp":"1695953901","amount":2.11513537,"amount_str":"2.11513537","price":236.39,"price_str":"236.39","type":0,"microtimestamp":"1695953901468000","buy_order_id":1667559124213760,"sell_order_id":1667558871650304},"channel":"live_trades_bchusd","event":"trade"}
{"data":{"id":300611773,"timestamp":"1695953901","amount":0.39703003,"amount_str":"0.39703003","price":236.39,"price_str":"236.39","type":0,"microtimestamp":"1695953901468000","buy_order_id":1667559124213760,"sell_order_id":1667559089938437},"channel":"live_trades_bchusd","event":"trade"}
{"data":{"id":300612622,"timestamp":"1695954882","amount":1,"amount_str":"1.00000000","price":234.77,"price_str":"234.77","type":1,"microtimestamp":"1695954882905000","buy_order_id":1667563096571905,"sell_order_id":1667563144183808},"channel":"live_trades_bchusd","event":"trade"}
{"data":{"id":300613276,"timestamp":"1695955722","amount":1.0073,"amount_str":"1.00730000","price":235.88,"price_str":"235.88","type":1,"microtimestamp":"1695955722100000","buy_order_id":1667566555971584,"sell_order_id":1667566581526528},"channel":"live_trades_bchusd","event":"trade"}
{"data":{"id":300613277,"timestamp":"1695955722","amount":1.11,"amount_str":"1.11000000","price":235.88,"price_str":"235.88","type":1,"microtimestamp":"1695955722104000","buy_order_id":1667566555971584,"sell_order_id":1667566581542914},"channel":"live_trades_bchusd","event":"trade"}
{"data":{"id":300614096,"timestamp":"1695957210","amount":0.0675,"amount_str":"0.06750000","price":235.72,"price_str":"235.72","type":1,"microtimestamp":"1695957210680000","buy_order_id":1667572660666368,"sell_order_id":1667572678750210},"channel":"live_trades_bchusd","event":"trade"}
{"data":{"id":300614097,"timestamp":"1695957210","amount":0.0596,"amount_str":"0.05960000","price":235.72,"price_str":"235.72","type":1,"microtimestamp":"1695957210681000","buy_order_id":1667572660666368,"sell_order_id":1667572678750213},"channel":"live_trades_bchusd","event":"trade"}
{"data":{"id":300614098,"timestamp":"1695957210","amount":0.72987529,"amount_str":"0.72987529","price":235.72,"price_str":"235.72","type":1,"microtimestamp":"1695957210681000","buy_order_id":1667572660666368,"sell_order_id":1667572678754305},"channel":"live_trades_bchusd","event":"trade"}
{"data":{"id":300614099,"timestamp":"1695957210","amount":0.14302471,"amount_str":"0.14302471","price":235.72,"price_str":"235.72","type":1,"microtimestamp":"1695957210683000","buy_order_id":1667572660666368,"sell_order_id":1667572678758403},"channel":"live_trades_bchusd","event":"trade"}
{"data":{"id":300614100,"timestamp":"1695957210","amount":0.13487529,"amount_str":"0.13487529","price":235.71,"price_str":"235.71","type":1,"microtimestamp":"1695957210683000","buy_order_id":1667572595560448,"sell_order_id":1667572678758403},"channel":"live_trades_bchusd","event":"trade"}
{"data":{"id":300614101,"timestamp":"1695957210","amount":0.9363,"amount_str":"0.93630000","price":235.71,"price_str":"235.71","type":1,"microtimestamp":"1695957210683000","buy_order_id":1667572595560448,"sell_order_id":1667572678758404},"channel":"live_trades_bchusd","event":"trade"}
{"data":{"id":300614608,"timestamp":"1695957997","amount":2.12798946,"amount_str":"2.12798946","price":235.16,"price_str":"235.16","type":1,"microtimestamp":"1695957997839000","buy_order_id":1667575858434049,"sell_order_id":1667575902953473},"channel":"live_trades_bchusd","event":"trade"}
{"data":{"id":300614640,"timestamp":"1695958041","amount":1,"amount_str":"1.00000000","price":234.67,"price_str":"234.67","type":1,"microtimestamp":"1695958041387000","buy_order_id":1667576019869700,"sell_order_id":1667576081326080},"channel":"live_trades_bchusd","event":"trade"}
{"data":{"id":300614927,"timestamp":"1695958366","amount":0.2,"amount_str":"0.20000000","price":235.14,"price_str":"235.14","type":1,"microtimestamp":"1695958366340000","buy_order_id":1667577400324098,"sell_order_id":1667577412329475},"channel":"live_trades_bchusd","event":"trade"}
{"data":{"id":300614928,"timestamp":"1695958366","amount":0.38772679,"amount_str":"0.38772679","price":235.13,"price_str":"235.13","type":1,"microtimestamp":"1695958366340000","buy_order_id":1667577400094721,"sell_order_id":1667577412329475},"channel":"live_trades_bchusd","event":"trade"}
{"data":{"id":300615764,"timestamp":"1695959930","amount":0.14714297,"amount_str":"0.14714297","price":235.02,"price_str":"235.02","type":1,"microtimestamp":"1695959930800000","buy_order_id":1667583125700608,"sell_order_id":1667583820357632},"channel":"live_trades_bchusd","event":"trade"}
{"data":{"id":300616379,"timestamp":"1695960767","amount":0.185,"amount_str":"0.18500000","price":235.61,"price_str":"235.61","type":0,"microtimestamp":"1695960767843000","buy_order_id":1667587248889856,"sell_order_id":1667587137671168},"channel":"live_trades_bchusd","event":"trade"}
{"data":{"id":300616503,"timestamp":"1695961129","amount":0.9363,"amount_str":"0.93630000","price":235.12,"price_str":"235.12","type":0,"microtimestamp":"1695961129825000","buy_order_id":1667588731568128,"sell_order_id":1667588478377984},"channel":"live_trades_bchusd","event":"trade"}
{"data":{"id":300616562,"timestamp":"1695961307","amount":0.1219,"amount_str":"0.12190000","price":234.91,"price_str":"234.91","type":1,"microtimestamp":"1695961307658000","buy_order_id":1667589456666624,"sell_order_id":1667589459972099},"channel":"live_trades_bchusd","event":"trade"}
{"data":{"id":300616563,"timestamp":"1695961307","amount":0.331,"amount_str":"0.33100000","price":234.91,"price_str":"234.91","type":1,"microtimestamp":"1695961307659000","buy_order_id":1667589456666624,"sell_order_id":1667589459976193},"channel":"live_trades_bchusd","event":"trade"}
{"data":{"id":300616564,"timestamp":"1695961307","amount":0.0443,"amount_str":"0.04430000","price":234.91,"price_str":"234.91","type":1,"microtimestamp":"1695961307663000","buy_order_id":1667589456666624,"sell_order_id":1667589459992578},"channel":"live_trades_bchusd","event":"trade"}
{"data":{"id":300616565,"timestamp":"1695961307","amount":0.0558,"amount_str":"0.05580000","price":234.91,"price_str":"234.91","type":1,"microtimestamp":"1695961307663000","buy_order_id":1667589456666624,"sell_order_id":1667589459992580},"channel":"live_trades_bchusd","event":"trade"}
{"data":{"id":300616566,"timestamp":"1695961307","amount":0.0519,"amount_str":"0.05190000","price":234.91,"price_str":"234.91","type":1,"microtimestamp":"1695961307664000","buy_order_id":1667589456666624,"sell_order_id":1667589459992581},"channel":"live_trades_bchusd","event":"trade"}
{"data":{"id":300616567,"timestamp":"1695961307","amount":0.1223,"amount_str":"0.12230000","price":234.91,"price_str":"234.91","type":1,"microtimestamp":"1695961307666000","buy_order_id":1667589456666624,"sell_order_id":1667589460004864},"channel":"live_trades_bchusd","event":"trade"}
{"data":{"id":300616568,"timestamp":"1695961307","amount":0.048,"amount_str":"0.04800000","price":234.91,"price_str":"234.91","type":1,"microtimestamp":"1695961307667000","buy_order_id":1667589456666624,"sell_order_id":1667589460008960},"channel":"live_trades_bchusd","event":"trade"}
{"data":{"id":300616569,"timestamp":"1695961307","amount":0.0634,"amount_str":"0.06340000","price":234.91,"price_str":"234.91","type":1,"microtimestamp":"1695961307670000","buy_order_id":1667589456666624,"sell_order_id":1667589460021248},"channel":"live_trades_bchusd","event":"trade"}
{"data":{"id":300616920,"timestamp":"1695961869","amount":2.30603985,"amount_str":"2.30603985","price":235.45,"price_str":"235.45","type":0,"microtimestamp":"1695961869428000","buy_order_id":1667591760982016,"sell_order_id":1667591683035136},"channel":"live_trades_bchusd","event":"trade"}
{"data":{"id":300616921,"timestamp":"1695961869","amount":1e-8,"amount_str":"0.00000001","price":235.45,"price_str":"235.45","type":0,"microtimestamp":"1695961869459000","buy_order_id":1667591761108992,"sell_order_id":1667591683035136},"channel":"live_trades_bchusd","event":"trade"}
{"data":{"id":300617220,"timestamp":"1695962700","amount":0.3418,"amount_str":"0.34180000","price":235.94,"price_str":"235.94","type":1,"microtimestamp":"1695962700208000","buy_order_id":1667595141947395,"sell_order_id":1667595163856896},"channel":"live_trades_bchusd","event":"trade"}
{"data":{"id":300617221,"timestamp":"1695962700","amount":0.4725,"amount_str":"0.47250000","price":235.94,"price_str":"235.94","type":1,"microtimestamp":"1695962700211000","buy_order_id":1667595141947395,"sell_order_id":1667595163869185},"channel":"live_trades_bchusd","event":"trade"}
{"data":{"id":300617392,"timestamp":"1695963005","amount":2.11714943,"amount_str":"2.11714943","price":236.14,"price_str":"236.14","type":0,"microtimestamp":"1695963005230000","buy_order_id":1667596413227010,"sell_order_id":1667596412637188},"channel":"live_trades_bchusd","event":"trade"}
{"data":{"id":300617572,"timestamp":"1695963223","amount":0.4725,"amount_str":"0.47250000","price":236.11,"price_str":"236.11","type":0,"microtimestamp":"1695963223223000","buy_order_id":1667597306122240,"sell_order_id":1667597304389632},"channel":"live_trades_bchusd","event":"trade"}
{"data":{"id":300617751,"timestamp":"1695963575","amount":2.1156,"amount_str":"2.11560000","price":236.33,"price_str":"236.33","type":0,"microtimestamp":"1695963575820000","buy_order_id":1667598750363648,"sell_order_id":1667598633623552},"channel":"live_trades_bchusd","event":"trade"}
{"data":{"id":300618075,"timestamp":"1695964156","amount":2.11383848,"amount_str":"2.11383848","price":236.52,"price_str":"236.52","type":0,"microtimestamp":"1695964156137000","buy_order_id":1667601127342081,"sell_order_id":1667600967258112},"channel":"live_trades_bchusd","event":"trade"}
{"data":{"id":300618328,"timestamp":"1695964562","amount":2.11165746,"amount_str":"2.11165746","price":236.77,"price_str":"236.77","type":0,"microtimestamp":"1695964562369000","buy_order_id":1667602791268357,"sell_order_id":1667602420998144},"channel":"live_trades_bchusd","event":"trade"}
{"data":{"id":300618729,"timestamp":"1695965413","amount":2.11472828,"amount_str":"2.11472828","price":236.42,"price_str":"236.42","type":0,"microtimestamp":"1695965413195000","buy_order_id":1667606276251650,"sell_order_id":1667606020329472},"channel":"live_trades_bchusd","event":"trade"}
{"data":{"id":300618924,"timestamp":"1695965822","amount":0.4725,"amount_str":"0.47250000","price":236.25,"price_str":"236.25","type":0,"microtimestamp":"1695965822486000","buy_order_id":1667607952707586,"sell_order_id":1667607633563649},"channel":"live_trades_bchusd","event":"trade"}
{"data":{"id":300618925,"timestamp":"1695965822","amount":0.4725,"amount_str":"0.47250000","price":236.25,"price_str":"236.25","type":0,"microtimestamp":"1695965822489000","buy_order_id":1667607952719875,"sell_order_id":1667607633563649},"channel":"live_trades_bchusd","event":"trade"}
{"data":{"id":300618926,"timestamp":"1695965822","amount":0.4725,"amount_str":"0.47250000","price":236.25,"price_str":"236.25","type":0,"microtimestamp":"1695965822516000","buy_order_id":1667607952830464,"sell_order_id":1667607633563649},"channel":"live_trades_bchusd","event":"trade"}
{"data":{"id":300618927,"timestamp":"1695965822","amount":0.0659,"amount_str":"0.06590000","price":236.25,"price_str":"236.25","type":0,"microtimestamp":"1695965822562000","buy_order_id":1667607953018880,"sell_order_id":1667607633563649},"channel":"live_trades_bchusd","event":"trade"}
{"data":{"id":300618928,"timestamp":"1695965822","amount":0.0435,"amount_str":"0.04350000","price":236.25,"price_str":"236.25","type":0,"microtimestamp":"1695965822569000","buy_order_id":1667607953047555,"sell_order_id":1667607633563649},"channel":"live_trades_bchusd","event":"trade"}
{"data":{"id":300618929,"timestamp":"1695965822","amount":0.1138,"amount_str":"0.11380000","price":236.25,"price_str":"236.25","type":0,"microtimestamp":"1695965822571000","buy_order_id":1667607953055749,"sell_order_id":1667607633563649},"channel":"live_trades_bchusd","event":"trade"}
{"data":{"id":300618930,"timestamp":"1695965822","amount":0.0968,"amount_str":"0.09680000","price":236.25,"price_str":"236.25","type":0,"microtimestamp":"1695965822578000","buy_order_id":1667607953084417,"sell_order_id":1667607633563649},"channel":"live_trades_bchusd","event":"trade"}
{"data":{"id":300618931,"timestamp":"1695965822","amount":0.1924,"amount_str":"0.19240000","price":236.25,"price_str":"236.25","type":0,"microtimestamp":"1695965822590000","buy_order_id":1667607953133569,"sell_order_id":1667607633563649},"channel":"live_trades_bchusd","event":"trade"}
{"data":{"id":300619001,"timestamp":"1695966005","amount":0.4,"amount_str":"0.40000000","price":236,"price_str":"236.00","type":1,"microtimestamp":"1695966005746000","buy_order_id":1667608658452480,"sell_order_id":1667608703340544},"channel":"live_trades_bchusd","event":"trade"}
{"data":{"id":300619254,"timestamp":"1695966465","amount":0.81457754,"amount_str":"0.81457754","price":236.03,"price_str":"236.03","type":0,"microtimestamp":"1695966465142000","buy_order_id":1667610585026561,"sell_order_id":1667610549043200},"channel":"live_trades_bchusd","event":"trade"}
{"data":{"id":300619762,"timestamp":"1695967243","amount":2.11407186,"amount_str":"2.11407186","price":236.5,"price_str":"236.50","type":0,"microtimestamp":"1695967243892000","buy_order_id":1667613774786560,"sell_order_id":1667613500977152},"channel":"live_trades_bchusd","event":"trade"}
{"data":{"id":300620933,"timestamp":"1695968472","amount":2.11882,"amount_str":"2.11882000","price":235.98,"price_str":"235.98","type":0,"microtimestamp":"1695968472505000","buy_order_id":1667618807185408,"sell_order_id":1667618518761473},"channel":"live_trades_bchusd","event":"trade"}
{"data":{"id":300620934,"timestamp":"1695968472","amount":0.00000478,"amount_str":"0.00000478","price":235.98,"price_str":"235.98","type":0,"microtimestamp":"1695968472535000","buy_order_id":1667618807304198,"sell_order_id":1667618518761473},"channel":"live_trades_bchusd","event":"trade"}
{"data":{"id":300621061,"timestamp":"1695968555","amount":0.5275,"amount_str":"0.52750000","price":235.93,"price_str":"235.93","type":1,"microtimestamp":"1695968555454000","buy_order_id":1667619085746176,"sell_order_id":1667619146944512},"channel":"live_trades_bchusd","event":"trade"}
{"data":{"id":300621062,"timestamp":"1695968555","amount":0.4725,"amount_str":"0.47250000","price":235.93,"price_str":"235.93","type":1,"microtimestamp":"1695968555460000","buy_order_id":1667619085746176,"sell_order_id":1667619146964993},"channel":"live_trades_bchusd","event":"trade"}
{"data":{"id":300621534,"timestamp":"1695968901","amount":2.12376,"amount_str":"2.12376000","price":235.43,"price_str":"235.43","type":0,"microtimestamp":"1695968901087000","buy_order_id":1667620562653186,"sell_order_id":1667620500742144},"channel":"live_trades_bchusd","event":"trade"}
{"data":{"id":300621535,"timestamp":"1695968901","amount":0.0000045,"amount_str":"0.00000450","price":235.43,"price_str":"235.43","type":0,"microtimestamp":"1695968901100000","buy_order_id":1667620562710529,"sell_order_id":1667620500742144},"channel":"live_trades_bchusd","event":"trade"}
{"data":{"id":300621807,"timestamp":"1695969197","amount":2.35995,"amount_str":"2.35995000","price":235.43,"price_str":"235.43","type":0,"microtimestamp":"1695969197184000","buy_order_id":1667621775470592,"sell_order_id":1667621739827200},"channel":"live_trades_bchusd","event":"trade"}
{"data":{"id":300621808,"timestamp":"1695969197","amount":0.00000423,"amount_str":"0.00000423","price":235.43,"price_str":"235.43","type":0,"microtimestamp":"1695969197209000","buy_order_id":1667621775572993,"sell_order_id":1667621739827200},"channel":"live_trades_bchusd","event":"trade"}
{"data":{"id":300621998,"timestamp":"1695969425","amount":0.055,"amount_str":"0.05500000","price":235.67,"price_str":"235.67","type":0,"microtimestamp":"1695969425902000","buy_order_id":1667622712299528,"sell_order_id":1667622516391936},"channel":"live_trades_bchusd","event":"trade"}
{"data":{"id":300621999,"timestamp":"1695969425","amount":1.2606,"amount_str":"1.26060000","price":235.67,"price_str":"235.67","type":0,"microtimestamp":"1695969425915000","buy_order_id":1667622712352769,"sell_order_id":1667622516391936},"channel":"live_trades_bchusd","event":"trade"}
{"data":{"id":300622000,"timestamp":"1695969425","amount":0.80587295,"amount_str":"0.80587295","price":235.67,"price_str":"235.67","type":0,"microtimestamp":"1695969425952000","buy_order_id":1667622712500231,"sell_order_id":1667622516391936},"channel":"live_trades_bchusd","event":"trade"}
{"data":{"id":300622080,"timestamp":"1695969502","amount":2.14077657,"amount_str":"2.14077657","price":235.93,"price_str":"235.93","type":0,"microtimestamp":"1695969502632000","buy_order_id":1667623026581509,"sell_order_id":1667622718083073},"channel":"live_trades_bchusd","event":"trade"}
{"data":{"id":300622365,"timestamp":"1695969741","amount":2.11465116,"amount_str":"2.11465116","price":236.43,"price_str":"236.43","type":0,"microtimestamp":"1695969741182000","buy_order_id":1667624003682305,"sell_order_id":1667623969353728},"channel":"live_trades_bchusd","event":"trade"}
{"data":{"id":300622482,"timestamp":"1695969852","amount":0.2362,"amount_str":"0.23620000","price":236.63,"price_str":"236.63","type":1,"microtimestamp":"1695969852009000","buy_order_id":1667624411897856,"sell_order_id":1667624457633796},"channel":"live_trades_bchusd","event":"trade"}
{"data":{"id":300622483,"timestamp":"1695969852","amount":0.4725,"amount_str":"0.47250000","price":236.63,"price_str":"236.63","type":1,"microtimestamp":"1695969852029000","buy_order_id":1667624411897856,"sell_order_id":1667624457715717},"channel":"live_trades_bchusd","event":"trade"}
{"data":{"id":300622484,"timestamp":"1695969852","amount":0.2913,"amount_str":"0.29130000","price":236.63,"price_str":"236.63","type":1,"microtimestamp":"1695969852032000","buy_order_id":1667624411897856,"sell_order_id":1667624457723907},"channel":"live_trades_bchusd","event":"trade"}
{"data":{"id":300622762,"timestamp":"1695969966","amount":2.11265948,"amount_str":"2.11265948","price":236.64,"price_str":"236.64","type":0,"microtimestamp":"1695969966297000","buy_order_id":1667624925753348,"sell_order_id":1667624716218369},"channel":"live_trades_bchusd","event":"trade"}
{"data":{"id":300622990,"timestamp":"1695970110","amount":2.11445,"amount_str":"2.11445000","price":236.46,"price_str":"236.46","type":1,"microtimestamp":"1695970110234000","buy_order_id":1667625513381889,"sell_order_id":1667625515323393},"channel":"live_trades_bchusd","event":"trade"}
{"data":{"id":300623097,"timestamp":"1695970181","amount":2.11553848,"amount_str":"2.11553848","price":236.33,"price_str":"236.33","type":0,"microtimestamp":"1695970181343000","buy_order_id":1667625806585856,"sell_order_id":1667625739563008},"channel":"live_trades_bchusd","event":"trade"}
{"data":{"id":300623402,"timestamp":"1695970462","amount":2.12005922,"amount_str":"2.12005922","price":236.33,"price_str":"236.33","type":0,"microtimestamp":"1695970462171000","buy_order_id":1667626956857345,"sell_order_id":1667626950090753},"channel":"live_trades_bchusd","event":"trade"}
{"data":{"id":300623403,"timestamp":"1695970462","amount":1e-8,"amount_str":"0.00000001","price":236.33,"price_str":"236.33","type":0,"microtimestamp":"1695970462275000","buy_order_id":1667626957279235,"sell_order_id":1667626950090753},"channel":"live_trades_bchusd","event":"trade"}
{"data":{"id":300623569,"timestamp":"1695970632","amount":2.11503841,"amount_str":"2.11503841","price":236.39,"price_str":"236.39","type":0,"microtimestamp":"1695970632243000","buy_order_id":1667627653472259,"sell_order_id":1667627067400192},"channel":"live_trades_bchusd","event":"trade"}
{"data":{"id":300623654,"timestamp":"1695970678","amount":0.3768,"amount_str":"0.37680000","price":236.46,"price_str":"236.46","type":0,"microtimestamp":"1695970678229000","buy_order_id":1667627841826821,"sell_order_id":1667627796008960},"channel":"live_trades_bchusd","event":"trade"}
{"data":{"id":300623655,"timestamp":"1695970678","amount":0.0954,"amount_str":"0.09540000","price":236.46,"price_str":"236.46","type":0,"microtimestamp":"1695970678229000","buy_order_id":1667627841830913,"sell_order_id":1667627796008960},"channel":"live_trades_bchusd","event":"trade"}
{"data":{"id":300623656,"timestamp":"1695970678","amount":0.4725,"amount_str":"0.47250000","price":236.46,"price_str":"236.46","type":0,"microtimestamp":"1695970678232000","buy_order_id":1667627841843200,"sell_order_id":1667627796008960},"channel":"live_trades_bchusd","event":"trade"}
{"data":{"id":300623657,"timestamp":"1695970678","amount":0.1431,"amount_str":"0.14310000","price":236.46,"price_str":"236.46","type":0,"microtimestamp":"1695970678233000","buy_order_id":1667627841847297,"sell_order_id":1667627796008960},"channel":"live_trades_bchusd","event":"trade"}
{"data":{"id":300623658,"timestamp":"1695970678","amount":0.4725,"amount_str":"0.47250000","price":236.46,"price_str":"236.46","type":0,"microtimestamp":"1695970678234000","buy_order_id":1667627841851393,"sell_order_id":1667627796008960},"channel":"live_trades_bchusd","event":"trade"}
{"data":{"id":300623659,"timestamp":"1695970678","amount":0.4725,"amount_str":"0.47250000","price":236.46,"price_str":"236.46","type":0,"microtimestamp":"1695970678235000","buy_order_id":1667627841855489,"sell_order_id":1667627796008960},"channel":"live_trades_bchusd","event":"trade"}
{"data":{"id":300623660,"timestamp":"1695970678","amount":0.0815,"amount_str":"0.08150000","price":236.46,"price_str":"236.46","type":0,"microtimestamp":"1695970678237000","buy_order_id":1667627841863681,"sell_order_id":1667627796008960},"channel":"live_trades_bchusd","event":"trade"}
{"data":{"id":300623729,"timestamp":"1695970761","amount":1.6891,"amount_str":"1.68910000","price":236.99,"price_str":"236.99","type":0,"microtimestamp":"1695970761184000","buy_order_id":1667628181610497,"sell_order_id":1667628175998976},"channel":"live_trades_bchusd","event":"trade"}
{"data":{"id":300623730,"timestamp":"1695970761","amount":0.00004056,"amount_str":"0.00004056","price":236.99,"price_str":"236.99","type":0,"microtimestamp":"1695970761211000","buy_order_id":1667628181721090,"sell_order_id":1667628175998976},"channel":"live_trades_bchusd","event":"trade"}
{"data":{"id":300624537,"timestamp":"1695970852","amount":1,"amount_str":"1.00000000","price":236.32,"price_str":"236.32","type":1,"microtimestamp":"1695970852534000","buy_order_id":1667628511330306,"sell_order_id":1667628555780100},"channel":"live_trades_bchusd","event":"trade"}
{"data":{"id":300625961,"timestamp":"1695971040","amount":2.1137,"amount_str":"2.11370000","price":236.55,"price_str":"236.55","type":0,"microtimestamp":"1695971040080000","buy_order_id":1667629323968516,"sell_order_id":1667629301743617},"channel":"live_trades_bchusd","event":"trade"}
{"data":{"id":300634226,"timestamp":"1695971932","amount":1,"amount_str":"1.00000000","price":236.27,"price_str":"236.27","type":1,"microtimestamp":"1695971932534000","buy_order_id":1667632863047680,"sell_order_id":1667632979464192},"channel":"live_trades_bchusd","event":"trade"}
{"data":{"id":300634555,"timestamp":"1695972243","amount":0.446,"amount_str":"0.44600000","price":235.92,"price_str":"235.92","type":0,"microtimestamp":"1695972243930000","buy_order_id":1667634254942217,"sell_order_id":1667634054422528},"channel":"live_trades_bchusd","event":"trade"}
{"data":{"id":300634556,"timestamp":"1695972243","amount":0.4725,"amount_str":"0.47250000","price":235.92,"price_str":"235.92","type":0,"microtimestamp":"1695972243971000","buy_order_id":1667634255110148,"sell_order_id":1667634054422528},"channel":"live_trades_bchusd","event":"trade"}
{"data":{"id":300634557,"timestamp":"1695972243","amount":0.4725,"amount_str":"0.47250000","price":235.92,"price_str":"235.92","type":0,"microtimestamp":"1695972243973000","buy_order_id":1667634255118337,"sell_order_id":1667634054422528},"channel":"live_trades_bchusd","event":"trade"}
{"data":{"id":300634748,"timestamp":"1695972455","amount":2.11858,"amount_str":"2.11858000","price":235.99,"price_str":"235.99","type":0,"microtimestamp":"1695972455117000","buy_order_id":1667635119964160,"sell_order_id":1667635118030848},"channel":"live_trades_bchusd","event":"trade"}
{"data":{"id":300634749,"timestamp":"1695972455","amount":0.00000684,"amount_str":"0.00000684","price":235.99,"price_str":"235.99","type":0,"microtimestamp":"1695972455138000","buy_order_id":1667635120050177,"sell_order_id":1667635118030848},"channel":"live_trades_bchusd","event":"trade"}
{"data":{"id":300634750,"timestamp":"1695972455","amount":0.24328805,"amount_str":"0.24328805","price":236,"price_str":"236.00","type":0,"microtimestamp":"1695972455138000","buy_order_id":1667635120050177,"sell_order_id":1667635111866368},"channel":"live_trades_bchusd","event":"trade"}
{"data":{"id":300634873,"timestamp":"1695972587","amount":1,"amount_str":"1.00000000","price":236.07,"price_str":"236.07","type":1,"microtimestamp":"1695972587682000","buy_order_id":1667635554217986,"sell_order_id":1667635662950402},"channel":"live_trades_bchusd","event":"trade"}
{"data":{"id":300635194,"timestamp":"1695972788","amount":0.4725,"amount_str":"0.47250000","price":236.26,"price_str":"236.26","type":0,"microtimestamp":"1695972788413000","buy_order_id":1667636485140484,"sell_order_id":1667636449931264},"channel":"live_trades_bchusd","event":"trade"}
{"data":{"id":300635197,"timestamp":"1695972788","amount":0.4725,"amount_str":"0.47250000","price":236.26,"price_str":"236.26","type":0,"microtimestamp":"1695972788421000","buy_order_id":1667636485177349,"sell_order_id":1667636449931264},"channel":"live_trades_bchusd","event":"trade"}
{"data":{"id":300635368,"timestamp":"1695972790","amount":1.6833,"amount_str":"1.68330000","price":236.44,"price_str":"236.44","type":0,"microtimestamp":"1695972790566000","buy_order_id":1667636493963265,"sell_order_id":1667636493684746},"channel":"live_trades_bchusd","event":"trade"}
{"data":{"id":300635369,"timestamp":"1695972790","amount":0.43407184,"amount_str":"0.43407184","price":236.44,"price_str":"236.44","type":0,"microtimestamp":"1695972790577000","buy_order_id":1667636494008321,"sell_order_id":1667636493684746},"channel":"live_trades_bchusd","event":"trade"}
{"data":{"id":300635591,"timestamp":"1695972809","amount":1,"amount_str":"1.00000000","price":236.98,"price_str":"236.98","type":0,"microtimestamp":"1695972809585000","buy_order_id":1667636571865089,"sell_order_id":1667636556861440},"channel":"live_trades_bchusd","event":"trade"}
{"data":{"id":300636637,"timestamp":"1695973096","amount":0.6095,"amount_str":"0.60950000","price":238.43,"price_str":"238.43","type":0,"microtimestamp":"1695973096069000","buy_order_id":1667637745303552,"sell_order_id":1667637739618304},"channel":"live_trades_bchusd","event":"trade"}
{"data":{"id":300636638,"timestamp":"1695973096","amount":0.7078,"amount_str":"0.70780000","price":238.43,"price_str":"238.43","type":0,"microtimestamp":"1695973096073000","buy_order_id":1667637745315843,"sell_order_id":1667637739618304},"channel":"live_trades_bchusd","event":"trade"}
{"data":{"id":300636639,"timestamp":"1695973096","amount":0.6565,"amount_str":"0.65650000","price":238.43,"price_str":"238.43","type":0,"microtimestamp":"1695973096075000","buy_order_id":1667637745328130,"sell_order_id":1667637739618304},"channel":"live_trades_bchusd","event":"trade"}
{"data":{"id":300636640,"timestamp":"1695973096","amount":0.12318512,"amount_str":"0.12318512","price":238.43,"price_str":"238.43","type":0,"microtimestamp":"1695973096095000","buy_order_id":1667637745410048,"sell_order_id":1667637739618304},"channel":"live_trades_bchusd","event":"trade"}
{"data":{"id":300636944,"timestamp":"1695973291","amount":2.09704,"amount_str":"2.09704000","price":238.43,"price_str":"238.43","type":1,"microtimestamp":"1695973291448000","buy_order_id":1667638540058624,"sell_order_id":1667638545575938},"channel":"live_trades_bchusd","event":"trade"}
{"data":{"id":300637845,"timestamp":"1695973906","amount":0.16726436,"amount_str":"0.16726436","price":237.92,"price_str":"237.92","type":0,"microtimestamp":"1695973906869000","buy_order_id":1667641066340352,"sell_order_id":1667641048526848},"channel":"live_trades_bchusd","event":"trade"}
{"data":{"id":300637846,"timestamp":"1695973906","amount":0.33837419,"amount_str":"0.33837419","price":237.92,"price_str":"237.92","type":0,"microtimestamp":"1695973906869000","buy_order_id":1667641066340352,"sell_order_id":1667641064173568},"channel":"live_trades_bchusd","event":"trade"}
{"data":{"id":300639256,"timestamp":"1695974807","amount":0.24156444,"amount_str":"0.24156444","price":238.51,"price_str":"238.51","type":0,"microtimestamp":"1695974807600000","buy_order_id":1667644755734529,"sell_order_id":1667644732964864},"channel":"live_trades_bchusd","event":"trade"}
{"data":{"id":300639286,"timestamp":"1695974832","amount":0.10633,"amount_str":"0.10633000","price":238.47,"price_str":"238.47","type":0,"microtimestamp":"1695974832955000","buy_order_id":1667644859588608,"sell_order_id":1667644857962497},"channel":"live_trades_bchusd","event":"trade"}
{"data":{"id":300639350,"timestamp":"1695974892","amount":0.04762555,"amount_str":"0.04762555","price":238.57,"price_str":"238.57","type":0,"microtimestamp":"1695974892626000","buy_order_id":1667645104001025,"sell_order_id":1667645076815872},"channel":"live_trades_bchusd","event":"trade"}
{"data":{"id":300639609,"timestamp":"1695975003","amount":0.9824,"amount_str":"0.98240000","price":239.03,"price_str":"239.03","type":0,"microtimestamp":"1695975003409000","buy_order_id":1667645557764101,"sell_order_id":1667645542367232},"channel":"live_trades_bchusd","event":"trade"}
{"data":{"id":300639610,"timestamp":"1695975003","amount":1.10923943,"amount_str":"1.10923943","price":239.03,"price_str":"239.03","type":0,"microtimestamp":"1695975003417000","buy_order_id":1667645557792770,"sell_order_id":1667645542367232},"channel":"live_trades_bchusd","event":"trade"}
{"data":{"id":300639611,"timestamp":"1695975003","amount":1,"amount_str":"1.00000000","price":239.02,"price_str":"239.02","type":0,"microtimestamp":"1695975003428000","buy_order_id":1667645557841923,"sell_order_id":1667645557821440},"channel":"live_trades_bchusd","event":"trade"}
{"data":{"id":300639616,"timestamp":"1695975003","amount":0.1716,"amount_str":"0.17160000","price":239.4,"price_str":"239.40","type":0,"microtimestamp":"1695975003532000","buy_order_id":1667645558267906,"sell_order_id":1667645545127938},"channel":"live_trades_bchusd","event":"trade"}
{"data":{"id":300639622,"timestamp":"1695975003","amount":0.0791,"amount_str":"0.07910000","price":239.4,"price_str":"239.40","type":0,"microtimestamp":"1695975003546000","buy_order_id":1667645558329344,"sell_order_id":1667645545127938},"channel":"live_trades_bchusd","event":"trade"}
{"data":{"id":300639625,"timestamp":"1695975003","amount":2.0524,"amount_str":"2.05240000","price":239.4,"price_str":"239.40","type":0,"microtimestamp":"1695975003549000","buy_order_id":1667645558341635,"sell_order_id":1667645545127938},"channel":"live_trades_bchusd","event":"trade"}
{"data":{"id":300639629,"timestamp":"1695975003","amount":2.542,"amount_str":"2.54200000","price":239.4,"price_str":"239.40","type":0,"microtimestamp":"1695975003567000","buy_order_id":1667645558415360,"sell_order_id":1667645545127938},"channel":"live_trades_bchusd","event":"trade"}
{"data":{"id":300639630,"timestamp":"1695975003","amount":3.0286,"amount_str":"3.02860000","price":239.4,"price_str":"239.40","type":0,"microtimestamp":"1695975003576000","buy_order_id":1667645558448131,"sell_order_id":1667645545127938},"channel":"live_trades_bchusd","event":"trade"}
{"data":{"id":300639632,"timestamp":"1695975003","amount":1.1229,"amount_str":"1.12290000","price":239.4,"price_str":"239.40","type":0,"microtimestamp":"1695975003590000","buy_order_id":1667645558505476,"sell_order_id":1667645545127938},"channel":"live_trades_bchusd","event":"trade"}
{"data":{"id":300639715,"timestamp":"1695975018","amount":0.2,"amount_str":"0.20000000","price":239.81,"price_str":"239.81","type":0,"microtimestamp":"1695975018385000","buy_order_id":1667645619105793,"sell_order_id":1667645572227073},"channel":"live_trades_bchusd","event":"trade"}
{"data":{"id":300639724,"timestamp":"1695975019","amount":2.08488185,"amount_str":"2.08488185","price":239.83,"price_str":"239.83","type":0,"microtimestamp":"1695975019219000","buy_order_id":1667645622525953,"sell_order_id":1667645563064320},"channel":"live_trades_bchusd","event":"trade"}
{"data":{"id":300639725,"timestamp":"1695975019","amount":0.03932857,"amount_str":"0.03932857","price":239.83,"price_str":"239.83","type":0,"microtimestamp":"1695975019219000","buy_order_id":1667645622525953,"sell_order_id":1667645565734912},"channel":"live_trades_bchusd","event":"trade"}
{"data":{"id":300639726,"timestamp":"1695975019","amount":0.76067143,"amount_str":"0.76067143","price":239.83,"price_str":"239.83","type":0,"microtimestamp":"1695975019325000","buy_order_id":1667645622956033,"sell_order_id":1667645565734912},"channel":"live_trades_bchusd","event":"trade"}
{"data":{"id":300639753,"timestamp":"1695975036","amount":0.2362,"amount_str":"0.23620000","price":239.99,"price_str":"239.99","type":0,"microtimestamp":"1695975036137000","buy_order_id":1667645691822080,"sell_order_id":1667645684617216},"channel":"live_trades_bchusd","event":"trade"}
{"data":{"id":300639821,"timestamp":"1695975071","amount":1,"amount_str":"1.00000000","price":239.62,"price_str":"239.62","type":0,"microtimestamp":"1695975071667000","buy_order_id":1667645837348867,"sell_order_id":1667645819899904},"channel":"live_trades_bchusd","event":"trade"}
{"data":{"id":300639907,"timestamp":"1695975105","amount":2.08488,"amount_str":"2.08488000","price":239.22,"price_str":"239.22","type":1,"microtimestamp":"1695975105037000","buy_order_id":1667645562171392,"sell_order_id":1667645974032385},"channel":"live_trades_bchusd","event":"trade"}
{"data":{"id":300639925,"timestamp":"1695975112","amount":0.00000185,"amount_str":"0.00000185","price":239.22,"price_str":"239.22","type":1,"microtimestamp":"1695975112725000","buy_order_id":1667645562171392,"sell_order_id":1667646005526528},"channel":"live_trades_bchusd","event":"trade"}
{"data":{"id":300640352,"timestamp":"1695975423","amount":0.2362,"amount_str":"0.23620000","price":238.88,"price_str":"238.88","type":1,"microtimestamp":"1695975423991000","buy_order_id":1667647266615297,"sell_order_id":1667647280472064},"channel":"live_trades_bchusd","event":"trade"}
{"data":{"id":300640353,"timestamp":"1695975423","amount":2.0932485,"amount_str":"2.09324850","price":238.86,"price_str":"238.86","type":1,"microtimestamp":"1695975423991000","buy_order_id":1667647277481984,"sell_order_id":1667647280472064},"channel":"live_trades_bchusd","event":"trade"}
{"data":{"id":300640354,"timestamp":"1695975423","amount":0.5665515,"amount_str":"0.56655150","price":238.8,"price_str":"238.80","type":1,"microtimestamp":"1695975423991000","buy_order_id":1667647223758848,"sell_order_id":1667647280472064},"channel":"live_trades_bchusd","event":"trade"}
{"data":{"id":300643732,"timestamp":"1695977616","amount":1.432,"amount_str":"1.43200000","price":237.39,"price_str":"237.39","type":1,"microtimestamp":"1695977616961000","buy_order_id":1667656257265666,"sell_order_id":1667656262877186},"channel":"live_trades_bchusd","event":"trade"}
{"data":{"id":300644005,"timestamp":"1695977802","amount":2.10667,"amount_str":"2.10667000","price":237.34,"price_str":"237.34","type":1,"microtimestamp":"1695977802454000","buy_order_id":1667657009496064,"sell_order_id":1667657022656513},"channel":"live_trades_bchusd","event":"trade"}
{"data":{"id":300644148,"timestamp":"1695977866","amount":2.11089708,"amount_str":"2.11089708","price":236.86,"price_str":"236.86","type":1,"microtimestamp":"1695977866571000","buy_order_id":1667657282899968,"sell_order_id":1667657285279744},"channel":"live_trades_bchusd","event":"trade"}
{"data":{"id":300644149,"timestamp":"1695977866","amount":0.2362,"amount_str":"0.23620000","price":236.8,"price_str":"236.80","type":1,"microtimestamp":"1695977866571000","buy_order_id":1667657219653632,"sell_order_id":1667657285279744},"channel":"live_trades_bchusd","event":"trade"}
{"data":{"id":300644150,"timestamp":"1695977866","amount":0.50701525,"amount_str":"0.50701525","price":236.8,"price_str":"236.80","type":1,"microtimestamp":"1695977866571000","buy_order_id":1667657277906946,"sell_order_id":1667657285279744},"channel":"live_trades_bchusd","event":"trade"}
{"data":{"id":300644739,"timestamp":"1695978279","amount":0.13988,"amount_str":"0.13988000","price":236.84,"price_str":"236.84","type":1,"microtimestamp":"1695978279664000","buy_order_id":1667658909044737,"sell_order_id":1667658977308672},"channel":"live_trades_bchusd","event":"trade"}
{"data":{"id":300644929,"timestamp":"1695978455","amount":1,"amount_str":"1.00000000","price":236.75,"price_str":"236.75","type":1,"microtimestamp":"1695978455902000","buy_order_id":1667659678756864,"sell_order_id":1667659699179520},"channel":"live_trades_bchusd","event":"trade"}
{"data":{"id":300644930,"timestamp":"1695978455","amount":2.1101,"amount_str":"2.11010000","price":236.71,"price_str":"236.71","type":1,"microtimestamp":"1695978455948000","buy_order_id":1667659688116224,"sell_order_id":1667659699367938},"channel":"live_trades_bchusd","event":"trade"}
{"data":{"id":300644931,"timestamp":"1695978455","amount":0.00004091,"amount_str":"0.00004091","price":236.71,"price_str":"236.71","type":1,"microtimestamp":"1695978455951000","buy_order_id":1667659688116224,"sell_order_id":1667659699380224},"channel":"live_trades_bchusd","event":"trade"}
{"data":{"id":300645985,"timestamp":"1695979321","amount":0.24156444,"amount_str":"0.24156444","price":236.07,"price_str":"236.07","type":1,"microtimestamp":"1695979321512000","buy_order_id":1667663074697216,"sell_order_id":1667663244718080},"channel":"live_trades_bchusd","event":"trade"}
{"data":{"id":300646034,"timestamp":"1695979369","amount":1.30709563,"amount_str":"1.30709563","price":236.14,"price_str":"236.14","type":1,"microtimestamp":"1695979369933000","buy_order_id":1667663402450944,"sell_order_id":1667663443050497},"channel":"live_trades_bchusd","event":"trade"}
{"data":{"id":300646294,"timestamp":"1695979630","amount":2.55045859,"amount_str":"2.55045859","price":235.78,"price_str":"235.78","type":1,"microtimestamp":"1695979630202000","buy_order_id":1667664069980160,"sell_order_id":1667664509112321},"channel":"live_trades_bchusd","event":"trade"}
{"data":{"id":300646296,"timestamp":"1695979630","amount":3.34818199,"amount_str":"3.34818199","price":235.78,"price_str":"235.78","type":1,"microtimestamp":"1695979630301000","buy_order_id":1667664069980160,"sell_order_id":1667664509513733},"channel":"live_trades_bchusd","event":"trade"}
{"data":{"id":300646550,"timestamp":"1695979954","amount":1,"amount_str":"1.00000000","price":235.59,"price_str":"235.59","type":0,"microtimestamp":"1695979954392000","buy_order_id":1667665836994560,"sell_order_id":1667665832996864},"channel":"live_trades_bchusd","event":"trade"}
{"data":{"id":300646551,"timestamp":"1695979954","amount":2.12184,"amount_str":"2.12184000","price":235.64,"price_str":"235.64","type":0,"microtimestamp":"1695979954430000","buy_order_id":1667665837150209,"sell_order_id":1667665830232065},"channel":"live_trades_bchusd","event":"trade"}
{"data":{"id":300646948,"timestamp":"1695980194","amount":2.12011,"amount_str":"2.12011000","price":235.59,"price_str":"235.59","type":1,"microtimestamp":"1695980194846000","buy_order_id":1667666817257472,"sell_order_id":1667666821894145},"channel":"live_trades_bchusd","event":"trade"}
{"data":{"id":300647022,"timestamp":"1695980271","amount":1.6046,"amount_str":"1.60460000","price":235.16,"price_str":"235.16","type":1,"microtimestamp":"1695980271226000","buy_order_id":1667667133493249,"sell_order_id":1667667134746624},"channel":"live_trades_bchusd","event":"trade"}
{"data":{"id":300647023,"timestamp":"1695980271","amount":0.4725,"amount_str":"0.47250000","price":235.16,"price_str":"235.16","type":1,"microtimestamp":"1695980271227000","buy_order_id":1667667133493249,"sell_order_id":1667667134750720},"channel":"live_trades_bchusd","event":"trade"}
{"data":{"id":300647024,"timestamp":"1695980271","amount":0.0468,"amount_str":"0.04680000","price":235.16,"price_str":"235.16","type":1,"microtimestamp":"1695980271230000","buy_order_id":1667667133493249,"sell_order_id":1667667134758912},"channel":"live_trades_bchusd","event":"trade"}
{"data":{"id":300647025,"timestamp":"1695980271","amount":0.00004908,"amount_str":"0.00004908","price":235.16,"price_str":"235.16","type":1,"microtimestamp":"1695980271230000","buy_order_id":1667667133493249,"sell_order_id":1667667134763010},"channel":"live_trades_bchusd","event":"trade"}
{"data":{"id":300647158,"timestamp":"1695980415","amount":1.91359075,"amount_str":"1.91359075","price":235.12,"price_str":"235.12","type":1,"microtimestamp":"1695980415796000","buy_order_id":1667667680059392,"sell_order_id":1667667726905346},"channel":"live_trades_bchusd","event":"trade"}
{"data":{"id":300647344,"timestamp":"1695980660","amount":2.12454,"amount_str":"2.12454000","price":235.43,"price_str":"235.43","type":0,"microtimestamp":"1695980660405000","buy_order_id":1667668728823811,"sell_order_id":1667668726878209},"channel":"live_trades_bchusd","event":"trade"}
{"data":{"id":300647583,"timestamp":"1695980883","amount":1.2318,"amount_str":"1.23180000","price":235.37,"price_str":"235.37","type":1,"microtimestamp":"1695980883768000","buy_order_id":1667669611347970,"sell_order_id":1667669643714560},"channel":"live_trades_bchusd","event":"trade"}
{"data":{"id":300648790,"timestamp":"1695982189","amount":2.13058,"amount_str":"2.13058000","price":234.67,"price_str":"234.67","type":1,"microtimestamp":"1695982189867000","buy_order_id":1667674977181696,"sell_order_id":1667674993500161},"channel":"live_trades_bchusd","event":"trade"}
{"data":{"id":300648792,"timestamp":"1695982189","amount":0.3703,"amount_str":"0.37030000","price":234.56,"price_str":"234.56","type":1,"microtimestamp":"1695982189904000","buy_order_id":1667674975080448,"sell_order_id":1667674993651713},"channel":"live_trades_bchusd","event":"trade"}
{"data":{"id":300648793,"timestamp":"1695982189","amount":0.251,"amount_str":"0.25100000","price":234.56,"price_str":"234.56","type":1,"microtimestamp":"1695982189905000","buy_order_id":1667674975080448,"sell_order_id":1667674993651715},"channel":"live_trades_bchusd","event":"trade"}
{"data":{"id":300648794,"timestamp":"1695982189","amount":5.9026727,"amount_str":"5.90267270","price":234.56,"price_str":"234.56","type":1,"microtimestamp":"1695982189906000","buy_order_id":1667674975080448,"sell_order_id":1667674993655819},"channel":"live_trades_bchusd","event":"trade"}
{"data":{"id":300648795,"timestamp":"1695982189","amount":0.2,"amount_str":"0.20000000","price":234.57,"price_str":"234.57","type":1,"microtimestamp":"1695982189910000","buy_order_id":1667674993676288,"sell_order_id":1667674993676292},"channel":"live_trades_bchusd","event":"trade"}
{"data":{"id":300648842,"timestamp":"1695982193","amount":0.2362,"amount_str":"0.23620000","price":233.63,"price_str":"233.63","type":1,"microtimestamp":"1695982193567000","buy_order_id":1667675007168512,"sell_order_id":1667675008655363},"channel":"live_trades_bchusd","event":"trade"}
{"data":{"id":300649528,"timestamp":"1695982769","amount":1.3197,"amount_str":"1.31970000","price":234.49,"price_str":"234.49","type":1,"microtimestamp":"1695982769664000","buy_order_id":1667677368193024,"sell_order_id":1667677368348672},"channel":"live_trades_bchusd","event":"trade"}
{"data":{"id":300649529,"timestamp":"1695982769","amount":0.2362,"amount_str":"0.23620000","price":234.49,"price_str":"234.49","type":1,"microtimestamp":"1695982769665000","buy_order_id":1667677368193024,"sell_order_id":1667677368352768},"channel":"live_trades_bchusd","event":"trade"}
{"data":{"id":300649531,"timestamp":"1695982769","amount":0.57441,"amount_str":"0.57441000","price":234.49,"price_str":"234.49","type":1,"microtimestamp":"1695982769693000","buy_order_id":1667677368193024,"sell_order_id":1667677368467456},"channel":"live_trades_bchusd","event":"trade"}
{"data":{"id":300649532,"timestamp":"1695982769","amount":9.8e-7,"amount_str":"0.00000098","price":234.49,"price_str":"234.49","type":1,"microtimestamp":"1695982769715000","buy_order_id":1667677368193024,"sell_order_id":1667677368557568},"channel":"live_trades_bchusd","event":"trade"}
{"data":{"id":300650008,"timestamp":"1695983164","amount":2.13146127,"amount_str":"2.13146127","price":234.58,"price_str":"234.58","type":1,"microtimestamp":"1695983164843000","buy_order_id":1667678917971969,"sell_order_id":1667678987001857},"channel":"live_trades_bchusd","event":"trade"}
{"data":{"id":300650009,"timestamp":"1695983164","amount":1.76000719,"amount_str":"1.76000719","price":234.53,"price_str":"234.53","type":1,"microtimestamp":"1695983164843000","buy_order_id":1667678916349952,"sell_order_id":1667678987001857},"channel":"live_trades_bchusd","event":"trade"}
{"data":{"id":300651635,"timestamp":"1695984991","amount":1,"amount_str":"1.00000000","price":234.21,"price_str":"234.21","type":1,"microtimestamp":"1695984991691000","buy_order_id":1667686454820864,"sell_order_id":1667686469771264},"channel":"live_trades_bchusd","event":"trade"}
{"data":{"id":300651636,"timestamp":"1695984991","amount":0.51759025,"amount_str":"0.51759025","price":234.21,"price_str":"234.21","type":0,"microtimestamp":"1695984991752000","buy_order_id":1667686470021120,"sell_order_id":1667686469771264},"channel":"live_trades_bchusd","event":"trade"}
{"data":{"id":300655214,"timestamp":"1695988109","amount":0.10649643,"amount_str":"0.10649643","price":234.66,"price_str":"234.66","type":0,"microtimestamp":"1695988109511000","buy_order_id":1667699240361984,"sell_order_id":1667699184754688},"channel":"live_trades_bchusd","event":"trade"}
{"data":{"id":300655215,"timestamp":"1695988109","amount":0.10481434,"amount_str":"0.10481434","price":234.66,"price_str":"234.66","type":0,"microtimestamp":"1695988109511000","buy_order_id":1667699240361984,"sell_order_id":1667699184930816},"channel":"live_trades_bchusd","event":"trade"}
{"data":{"id":300656129,"timestamp":"1695988901","amount":0.1048,"amount_str":"0.10480000","price":233.94,"price_str":"233.94","type":0,"microtimestamp":"1695988901867000","buy_order_id":1667702485848073,"sell_order_id":1667702462898178},"channel":"live_trades_bchusd","event":"trade"}
{"data":{"id":300657005,"timestamp":"1695989106","amount":2.37569507,"amount_str":"2.37569507","price":233.26,"price_str":"233.26","type":1,"microtimestamp":"1695989106623000","buy_order_id":1667703323746308,"sell_order_id":1667703324528644},"channel":"live_trades_bchusd","event":"trade"}
{"data":{"id":300657012,"timestamp":"1695989106","amount":0.2362,"amount_str":"0.23620000","price":232.91,"price_str":"232.91","type":1,"microtimestamp":"1695989106715000","buy_order_id":1667703324889089,"sell_order_id":1667703324909569},"channel":"live_trades_bchusd","event":"trade"}
{"data":{"id":300657013,"timestamp":"1695989106","amount":0.4725,"amount_str":"0.47250000","price":232.91,"price_str":"232.91","type":1,"microtimestamp":"1695989106717000","buy_order_id":1667703324889089,"sell_order_id":1667703324917762},"channel":"live_trades_bchusd","event":"trade"}
{"data":{"id":300657025,"timestamp":"1695989107","amount":0.56827739,"amount_str":"0.56827739","price":232.63,"price_str":"232.63","type":1,"microtimestamp":"1695989107079000","buy_order_id":1667672585547776,"sell_order_id":1667703326400512},"channel":"live_trades_bchusd","event":"trade"}
{"data":{"id":300657030,"timestamp":"1695989108","amount":1,"amount_str":"1.00000000","price":232.32,"price_str":"232.32","type":1,"microtimestamp":"1695989108188000","buy_order_id":1667703330357253,"sell_order_id":1667703330938883},"channel":"live_trades_bchusd","event":"trade"}
{"data":{"id":300657031,"timestamp":"1695989108","amount":0.8,"amount_str":"0.80000000","price":232.24,"price_str":"232.24","type":1,"microtimestamp":"1695989108299000","buy_order_id":1667703331348481,"sell_order_id":1667703331393539},"channel":"live_trades_bchusd","event":"trade"}
{"data":{"id":300657032,"timestamp":"1695989108","amount":2.61900053,"amount_str":"2.61900053","price":232,"price_str":"232.00","type":1,"microtimestamp":"1695989108299000","buy_order_id":1667703330918406,"sell_order_id":1667703331393539},"channel":"live_trades_bchusd","event":"trade"}
{"data":{"id":300657038,"timestamp":"1695989111","amount":2.62688498,"amount_str":"2.62688498","price":232.89,"price_str":"232.89","type":0,"microtimestamp":"1695989111781000","buy_order_id":1667703345659905,"sell_order_id":1667703345410048},"channel":"live_trades_bchusd","event":"trade"}
{"data":{"id":300657039,"timestamp":"1695989111","amount":1.1812,"amount_str":"1.18120000","price":232.89,"price_str":"232.89","type":0,"microtimestamp":"1695989111822000","buy_order_id":1667703345827841,"sell_order_id":1667703345410048},"channel":"live_trades_bchusd","event":"trade"}
{"data":{"id":300657040,"timestamp":"1695989111","amount":4.0773,"amount_str":"4.07730000","price":232.89,"price_str":"232.89","type":0,"microtimestamp":"1695989111832000","buy_order_id":1667703345868800,"sell_order_id":1667703345410048},"channel":"live_trades_bchusd","event":"trade"}
{"data":{"id":300657041,"timestamp":"1695989111","amount":0.00008626,"amount_str":"0.00008626","price":232.89,"price_str":"232.89","type":0,"microtimestamp":"1695989111833000","buy_order_id":1667703345868804,"sell_order_id":1667703345410048},"channel":"live_trades_bchusd","event":"trade"}
{"data":{"id":300658068,"timestamp":"1695989198","amount":0.4725,"amount_str":"0.47250000","price":232.96,"price_str":"232.96","type":0,"microtimestamp":"1695989198160000","buy_order_id":1667703699464200,"sell_order_id":1667703652446213},"channel":"live_trades_bchusd","event":"trade"}
{"data":{"id":300658106,"timestamp":"1695989199","amount":1.67369908,"amount_str":"1.67369908","price":232.96,"price_str":"232.96","type":0,"microtimestamp":"1695989199860000","buy_order_id":1667703706431489,"sell_order_id":1667703652446213},"channel":"live_trades_bchusd","event":"trade"}
{"data":{"id":300658586,"timestamp":"1695989230","amount":2.32425031,"amount_str":"2.32425031","price":232.64,"price_str":"232.64","type":0,"microtimestamp":"1695989230446000","buy_order_id":1667703831711749,"sell_order_id":1667703817719810},"channel":"live_trades_bchusd","event":"trade"}
{"data":{"id":300659086,"timestamp":"1695989307","amount":2.15444661,"amount_str":"2.15444661","price":232.07,"price_str":"232.07","type":1,"microtimestamp":"1695989307059000","buy_order_id":1667704128192522,"sell_order_id":1667704145514496},"channel":"live_trades_bchusd","event":"trade"}
{"data":{"id":300659101,"timestamp":"1695989308","amount":2.15444661,"amount_str":"2.15444661","price":232.07,"price_str":"232.07","type":1,"microtimestamp":"1695989308773000","buy_order_id":1667704145682434,"sell_order_id":1667704152539136},"channel":"live_trades_bchusd","event":"trade"}
{"data":{"id":300659196,"timestamp":"1695989311","amount":2.03786995,"amount_str":"2.03786995","price":232.07,"price_str":"232.07","type":1,"microtimestamp":"1695989311156000","buy_order_id":1667704152707074,"sell_order_id":1667704162299905},"channel":"live_trades_bchusd","event":"trade"}
{"data":{"id":300659408,"timestamp":"1695989346","amount":2.17393288,"amount_str":"2.17393288","price":232.45,"price_str":"232.45","type":0,"microtimestamp":"1695989346391000","buy_order_id":1667704306618368,"sell_order_id":1667704088432640},"channel":"live_trades_bchusd","event":"trade"}
{"data":{"id":300659410,"timestamp":"1695989346","amount":3.02833833,"amount_str":"3.02833833","price":232.45,"price_str":"232.45","type":0,"microtimestamp":"1695989346507000","buy_order_id":1667704307093508,"sell_order_id":1667704088432640},"channel":"live_trades_bchusd","event":"trade"}
{"data":{"id":300659412,"timestamp":"1695989346","amount":2.9305884,"amount_str":"2.93058840","price":232.45,"price_str":"232.45","type":0,"microtimestamp":"1695989346643000","buy_order_id":1667704307654656,"sell_order_id":1667704088432640},"channel":"live_trades_bchusd","event":"trade"}
{"data":{"id":300659413,"timestamp":"1695989346","amount":2.61813235,"amount_str":"2.61813235","price":232.45,"price_str":"232.45","type":0,"microtimestamp":"1695989346765000","buy_order_id":1667704308154369,"sell_order_id":1667704088432640},"channel":"live_trades_bchusd","event":"trade"}
{"data":{"id":300659457,"timestamp":"1695989366","amount":1,"amount_str":"1.00000000","price":232.42,"price_str":"232.42","type":1,"microtimestamp":"1695989366403000","buy_order_id":1667704385110022,"sell_order_id":1667704388591616},"channel":"live_trades_bchusd","event":"trade"}
{"data":{"id":300659608,"timestamp":"1695989406","amount":1,"amount_str":"1.00000000","price":232.24,"price_str":"232.24","type":1,"microtimestamp":"1695989406285000","buy_order_id":1667704513318912,"sell_order_id":1667704551944192},"channel":"live_trades_bchusd","event":"trade"}
{"data":{"id":300659835,"timestamp":"1695989465","amount":2.61278098,"amount_str":"2.61278098","price":232.36,"price_str":"232.36","type":0,"microtimestamp":"1695989465910000","buy_order_id":1667704796172293,"sell_order_id":1667704428089346},"channel":"live_trades_bchusd","event":"trade"}
{"data":{"id":300659836,"timestamp":"1695989465","amount":0.4725,"amount_str":"0.47250000","price":232.36,"price_str":"232.36","type":0,"microtimestamp":"1695989465932000","buy_order_id":1667704796262400,"sell_order_id":1667704428089346},"channel":"live_trades_bchusd","event":"trade"}
{"data":{"id":300659837,"timestamp":"1695989465","amount":0.1381,"amount_str":"0.13810000","price":232.36,"price_str":"232.36","type":0,"microtimestamp":"1695989465974000","buy_order_id":1667704796434434,"sell_order_id":1667704428089346},"channel":"live_trades_bchusd","event":"trade"}
{"data":{"id":300659838,"timestamp":"1695989465","amount":0.101,"amount_str":"0.10100000","price":232.36,"price_str":"232.36","type":0,"microtimestamp":"1695989465988000","buy_order_id":1667704796487684,"sell_order_id":1667704428089346},"channel":"live_trades_bchusd","event":"trade"}
{"data":{"id":300659839,"timestamp":"1695989465","amount":0.0597,"amount_str":"0.05970000","price":232.36,"price_str":"232.36","type":0,"microtimestamp":"1695989465991000","buy_order_id":1667704796504066,"sell_order_id":1667704428089346},"channel":"live_trades_bchusd","event":"trade"}
{"data":{"id":300659842,"timestamp":"1695989466","amount":0.0561,"amount_str":"0.05610000","price":232.36,"price_str":"232.36","type":0,"microtimestamp":"1695989466008000","buy_order_id":1667704796573699,"sell_order_id":1667704428089346},"channel":"live_trades_bchusd","event":"trade"}
{"data":{"id":300659988,"timestamp":"1695989510","amount":0.4725,"amount_str":"0.47250000","price":232.55,"price_str":"232.55","type":0,"microtimestamp":"1695989510068000","buy_order_id":1667704977043460,"sell_order_id":1667704813985792},"channel":"live_trades_bchusd","event":"trade"}
{"data":{"id":300659989,"timestamp":"1695989510","amount":0.945,"amount_str":"0.94500000","price":232.55,"price_str":"232.55","type":0,"microtimestamp":"1695989510071000","buy_order_id":1667704977055748,"sell_order_id":1667704813985792},"channel":"live_trades_bchusd","event":"trade"}
{"data":{"id":300659990,"timestamp":"1695989510","amount":0.7326222,"amount_str":"0.73262220","price":232.55,"price_str":"232.55","type":0,"microtimestamp":"1695989510072000","buy_order_id":1667704977059842,"sell_order_id":1667704813985792},"channel":"live_trades_bchusd","event":"trade"}
{"data":{"id":300660432,"timestamp":"1695989595","amount":2.14582799,"amount_str":"2.14582799","price":233,"price_str":"233.00","type":0,"microtimestamp":"1695989595127000","buy_order_id":1667705325445122,"sell_order_id":1667705291571201},"channel":"live_trades_bchusd","event":"trade"}
{"data":{"id":300660594,"timestamp":"1695989634","amount":2.27076079,"amount_str":"2.27076079","price":232.9,"price_str":"232.90","type":0,"microtimestamp":"1695989634931000","buy_order_id":1667705488482304,"sell_order_id":1667705479778304},"channel":"live_trades_bchusd","event":"trade"}
{"data":{"id":300660604,"timestamp":"1695989635","amount":2.25765654,"amount_str":"2.25765654","price":232.9,"price_str":"232.90","type":0,"microtimestamp":"1695989635886000","buy_order_id":1667705492389892,"sell_order_id":1667705479778304},"channel":"live_trades_bchusd","event":"trade"}
{"data":{"id":300660605,"timestamp":"1695989636","amount":2.47130137,"amount_str":"2.47130137","price":232.9,"price_str":"232.90","type":0,"microtimestamp":"1695989636017000","buy_order_id":1667705492930561,"sell_order_id":1667705479778304},"channel":"live_trades_bchusd","event":"trade"}
{"data":{"id":300661779,"timestamp":"1695989978","amount":2.14949293,"amount_str":"2.14949293","price":232.61,"price_str":"232.61","type":1,"microtimestamp":"1695989978884000","buy_order_id":1667706842013699,"sell_order_id":1667706897313792},"channel":"live_trades_bchusd","event":"trade"}
{"data":{"id":300661780,"timestamp":"1695989978","amount":42.10922179,"amount_str":"42.10922179","price":232.6,"price_str":"232.60","type":1,"microtimestamp":"1695989978884000","buy_order_id":1667706876424197,"sell_order_id":1667706897313792},"channel":"live_trades_bchusd","event":"trade"}
{"data":{"id":300661832,"timestamp":"1695989995","amount":2.14638299,"amount_str":"2.14638299","price":232.89,"price_str":"232.89","type":0,"microtimestamp":"1695989995255000","buy_order_id":1667706964369408,"sell_order_id":1667706858655744},"channel":"live_trades_bchusd","event":"trade"}
{"data":{"id":300661900,"timestamp":"1695990022","amount":2.14600833,"amount_str":"2.14600833","price":232.98,"price_str":"232.98","type":0,"microtimestamp":"1695990022796000","buy_order_id":1667707077177345,"sell_order_id":1667707013283840},"channel":"live_trades_bchusd","event":"trade"}
{"data":{"id":300662844,"timestamp":"1695990231","amount":2.28443967,"amount_str":"2.28443967","price":232.9,"price_str":"232.90","type":0,"microtimestamp":"1695990231646000","buy_order_id":1667707932622848,"sell_order_id":1667707925630976},"channel":"live_trades_bchusd","event":"trade"}
{"data":{"id":300662845,"timestamp":"1695990231","amount":2.37631,"amount_str":"2.37631000","price":232.9,"price_str":"232.90","type":0,"microtimestamp":"1695990231730000","buy_order_id":1667707932971008,"sell_order_id":1667707925630976},"channel":"live_trades_bchusd","event":"trade"}
{"data":{"id":300663123,"timestamp":"1695990394","amount":2.15246793,"amount_str":"2.15246793","price":232.48,"price_str":"232.48","type":0,"microtimestamp":"1695990394628000","buy_order_id":1667708600201217,"sell_order_id":1667708550213632},"channel":"live_trades_bchusd","event":"trade"}
{"data":{"id":300663124,"timestamp":"1695990394","amount":2.49342014,"amount_str":"2.49342014","price":232.48,"price_str":"232.48","type":0,"microtimestamp":"1695990394737000","buy_order_id":1667708600647682,"sell_order_id":1667708550213632},"channel":"live_trades_bchusd","event":"trade"}
{"data":{"id":300663125,"timestamp":"1695990394","amount":2.21246722,"amount_str":"2.21246722","price":232.48,"price_str":"232.48","type":0,"microtimestamp":"1695990394877000","buy_order_id":1667708601221120,"sell_order_id":1667708550213632},"channel":"live_trades_bchusd","event":"trade"}
{"data":{"id":300663126,"timestamp":"1695990395","amount":2.21246722,"amount_str":"2.21246722","price":232.48,"price_str":"232.48","type":0,"microtimestamp":"1695990395020000","buy_order_id":1667708601806848,"sell_order_id":1667708550213632},"channel":"live_trades_bchusd","event":"trade"}
{"data":{"id":300663127,"timestamp":"1695990395","amount":1.67986641,"amount_str":"1.67986641","price":232.48,"price_str":"232.48","type":0,"microtimestamp":"1695990395158000","buy_order_id":1667708602372096,"sell_order_id":1667708550213632},"channel":"live_trades_bchusd","event":"trade"}
{"data":{"id":300663562,"timestamp":"1695990599","amount":2.14722359,"amount_str":"2.14722359","price":232.81,"price_str":"232.81","type":1,"microtimestamp":"1695990599377000","buy_order_id":1667709438210048,"sell_order_id":1667709438853120},"channel":"live_trades_bchusd","event":"trade"}
{"data":{"id":300664005,"timestamp":"1695990679","amount":2.1506,"amount_str":"2.15060000","price":232.49,"price_str":"232.49","type":1,"microtimestamp":"1695990679831000","buy_order_id":1667709764837376,"sell_order_id":1667709768392705},"channel":"live_trades_bchusd","event":"trade"}
{"data":{"id":300664031,"timestamp":"1695990690","amount":2.18293618,"amount_str":"2.18293618","price":232.31,"price_str":"232.31","type":0,"microtimestamp":"1695990690349000","buy_order_id":1667709811474435,"sell_order_id":1667709800865792},"channel":"live_trades_bchusd","event":"trade"}
{"data":{"id":300664032,"timestamp":"1695990690","amount":3.45671762,"amount_str":"3.45671762","price":232.31,"price_str":"232.31","type":0,"microtimestamp":"1695990690431000","buy_order_id":1667709811806213,"sell_order_id":1667709800865792},"channel":"live_trades_bchusd","event":"trade"}
{"data":{"id":300664033,"timestamp":"1695990690","amount":0.8843189,"amount_str":"0.88431890","price":232.31,"price_str":"232.31","type":0,"microtimestamp":"1695990690559000","buy_order_id":1667709812334594,"sell_order_id":1667709800865792},"channel":"live_trades_bchusd","event":"trade"}
{"data":{"id":300664050,"timestamp":"1695990695","amount":0.945,"amount_str":"0.94500000","price":232.64,"price_str":"232.64","type":0,"microtimestamp":"1695990695240000","buy_order_id":1667709831507968,"sell_order_id":1667709827874819},"channel":"live_trades_bchusd","event":"trade"}
{"data":{"id":300664052,"timestamp":"1695990695","amount":0.4725,"amount_str":"0.47250000","price":232.64,"price_str":"232.64","type":0,"microtimestamp":"1695990695244000","buy_order_id":1667709831520260,"sell_order_id":1667709827874819},"channel":"live_trades_bchusd","event":"trade"}
{"data":{"id":300664053,"timestamp":"1695990695","amount":1.4175,"amount_str":"1.41750000","price":232.64,"price_str":"232.64","type":0,"microtimestamp":"1695990695245000","buy_order_id":1667709831528449,"sell_order_id":1667709827874819},"channel":"live_trades_bchusd","event":"trade"}
{"data":{"id":300664054,"timestamp":"1695990695","amount":0.945,"amount_str":"0.94500000","price":232.64,"price_str":"232.64","type":0,"microtimestamp":"1695990695246000","buy_order_id":1667709831532546,"sell_order_id":1667709827874819},"channel":"live_trades_bchusd","event":"trade"}
{"data":{"id":300664055,"timestamp":"1695990695","amount":2.15387345,"amount_str":"2.15387345","price":232.64,"price_str":"232.64","type":0,"microtimestamp":"1695990695472000","buy_order_id":1667709832458240,"sell_order_id":1667709827874819},"channel":"live_trades_bchusd","event":"trade"}
{"data":{"id":300664056,"timestamp":"1695990695","amount":3.0400633,"amount_str":"3.04006330","price":232.64,"price_str":"232.64","type":0,"microtimestamp":"1695990695575000","buy_order_id":1667709832880128,"sell_order_id":1667709827874819},"channel":"live_trades_bchusd","event":"trade"}
{"data":{"id":300664093,"timestamp":"1695990710","amount":2.25181317,"amount_str":"2.25181317","price":232.87,"price_str":"232.87","type":0,"microtimestamp":"1695990710269000","buy_order_id":1667709893066755,"sell_order_id":1667709845598209},"channel":"live_trades_bchusd","event":"trade"}
{"data":{"id":300664094,"timestamp":"1695990710","amount":2.67471193,"amount_str":"2.67471193","price":232.87,"price_str":"232.87","type":0,"microtimestamp":"1695990710374000","buy_order_id":1667709893496833,"sell_order_id":1667709845598209},"channel":"live_trades_bchusd","event":"trade"}
{"data":{"id":300664096,"timestamp":"1695990713","amount":2.32818944,"amount_str":"2.32818944","price":233.02,"price_str":"233.02","type":0,"microtimestamp":"1695990713584000","buy_order_id":1667709906644993,"sell_order_id":1667709897449476},"channel":"live_trades_bchusd","event":"trade"}
{"data":{"id":300664097,"timestamp":"1695990713","amount":2.2910956,"amount_str":"2.29109560","price":233.02,"price_str":"233.02","type":0,"microtimestamp":"1695990713682000","buy_order_id":1667709907046400,"sell_order_id":1667709897449476},"channel":"live_trades_bchusd","event":"trade"}
{"data":{"id":300664098,"timestamp":"1695990713","amount":3.1907822,"amount_str":"3.19078220","price":233.02,"price_str":"233.02","type":0,"microtimestamp":"1695990713787000","buy_order_id":1667709907472386,"sell_order_id":1667709897449476},"channel":"live_trades_bchusd","event":"trade"}
{"data":{"id":300664117,"timestamp":"1695990717","amount":2.38426571,"amount_str":"2.38426571","price":233.24,"price_str":"233.24","type":0,"microtimestamp":"1695990717786000","buy_order_id":1667709923852292,"sell_order_id":1667709915418625},"channel":"live_trades_bchusd","event":"trade"}
{"data":{"id":300664120,"timestamp":"1695990717","amount":2.89694183,"amount_str":"2.89694183","price":233.24,"price_str":"233.24","type":0,"microtimestamp":"1695990717907000","buy_order_id":1667709924352001,"sell_order_id":1667709915418625},"channel":"live_trades_bchusd","event":"trade"}
{"data":{"id":300664121,"timestamp":"1695990718","amount":2.72406091,"amount_str":"2.72406091","price":233.24,"price_str":"233.24","type":0,"microtimestamp":"1695990718016000","buy_order_id":1667709924798465,"sell_order_id":1667709915418625},"channel":"live_trades_bchusd","event":"trade"}
{"data":{"id":300664122,"timestamp":"1695990718","amount":2.46186318,"amount_str":"2.46186318","price":233.24,"price_str":"233.24","type":0,"microtimestamp":"1695990718127000","buy_order_id":1667709925253121,"sell_order_id":1667709915418625},"channel":"live_trades_bchusd","event":"trade"}
{"data":{"id":300664123,"timestamp":"1695990718","amount":4.43797011,"amount_str":"4.43797011","price":233.24,"price_str":"233.24","type":0,"microtimestamp":"1695990718269000","buy_order_id":1667709925834752,"sell_order_id":1667709915418625},"channel":"live_trades_bchusd","event":"trade"}
{"data":{"id":300664124,"timestamp":"1695990718","amount":2.2511811,"amount_str":"2.25118110","price":233.24,"price_str":"233.24","type":0,"microtimestamp":"1695990718367000","buy_order_id":1667709926236161,"sell_order_id":1667709915418625},"channel":"live_trades_bchusd","event":"trade"}
{"data":{"id":300664425,"timestamp":"1695990788","amount":2.28496747,"amount_str":"2.28496747","price":233.24,"price_str":"233.24","type":0,"microtimestamp":"1695990788265000","buy_order_id":1667710212538368,"sell_order_id":1667710076043265},"channel":"live_trades_bchusd","event":"trade"}
{"data":{"id":300664426,"timestamp":"1695990788","amount":3.24446603,"amount_str":"3.24446603","price":233.24,"price_str":"233.24","type":0,"microtimestamp":"1695990788373000","buy_order_id":1667710212980736,"sell_order_id":1667710076043265},"channel":"live_trades_bchusd","event":"trade"}
{"data":{"id":300664427,"timestamp":"1695990788","amount":2.79490231,"amount_str":"2.79490231","price":233.24,"price_str":"233.24","type":0,"microtimestamp":"1695990788507000","buy_order_id":1667710213529602,"sell_order_id":1667710076043265},"channel":"live_trades_bchusd","event":"trade"}
{"data":{"id":300664428,"timestamp":"1695990788","amount":2.77479488,"amount_str":"2.77479488","price":233.24,"price_str":"233.24","type":0,"microtimestamp":"1695990788635000","buy_order_id":1667710214049794,"sell_order_id":1667710076043265},"channel":"live_trades_bchusd","event":"trade"}
{"data":{"id":300664429,"timestamp":"1695990788","amount":2.32028648,"amount_str":"2.32028648","price":233.24,"price_str":"233.24","type":0,"microtimestamp":"1695990788761000","buy_order_id":1667710214565893,"sell_order_id":1667710076043265},"channel":"live_trades_bchusd","event":"trade"}
{"data":{"id":300664442,"timestamp":"1695990790","amount":2.35034815,"amount_str":"2.35034815","price":233.24,"price_str":"233.24","type":0,"microtimestamp":"1695990790881000","buy_order_id":1667710223253504,"sell_order_id":1667710076043265},"channel":"live_trades_bchusd","event":"trade"}
{"data":{"id":300664446,"timestamp":"1695990793","amount":0.48272042,"amount_str":"0.48272042","price":233.24,"price_str":"233.24","type":0,"microtimestamp":"1695990793596000","buy_order_id":1667710234370056,"sell_order_id":1667710076043265},"channel":"live_trades_bchusd","event":"trade"}
{"data":{"id":300664728,"timestamp":"1695990850","amount":2.14188166,"amount_str":"2.14188166","price":233.42,"price_str":"233.42","type":0,"microtimestamp":"1695990850213000","buy_order_id":1667710466273284,"sell_order_id":1667710239453185},"channel":"live_trades_bchusd","event":"trade"}
{"data":{"id":300664839,"timestamp":"1695990906","amount":2.14363643,"amount_str":"2.14363643","price":233.23,"price_str":"233.23","type":0,"microtimestamp":"1695990906709000","buy_order_id":1667710697684993,"sell_order_id":1667710668750849},"channel":"live_trades_bchusd","event":"trade"}
{"data":{"id":300665028,"timestamp":"1695991005","amount":1,"amount_str":"1.00000000","price":233.03,"price_str":"233.03","type":1,"microtimestamp":"1695991005454000","buy_order_id":1667711050076165,"sell_order_id":1667711102144513},"channel":"live_trades_bchusd","event":"trade"}
{"data":{"id":300666139,"timestamp":"1695991580","amount":1,"amount_str":"1.00000000","price":233.43,"price_str":"233.43","type":0,"microtimestamp":"1695991580554000","buy_order_id":1667713457754113,"sell_order_id":1667713355632644},"channel":"live_trades_bchusd","event":"trade"}
{"data":{"id":300666166,"timestamp":"1695991595","amount":1,"amount_str":"1.00000000","price":233.53,"price_str":"233.53","type":0,"microtimestamp":"1695991595426000","buy_order_id":1667713518669826,"sell_order_id":1667713483538432},"channel":"live_trades_bchusd","event":"trade"}
{"data":{"id":300667195,"timestamp":"1695992189","amount":2.13970746,"amount_str":"2.13970746","price":234.23,"price_str":"234.23","type":0,"microtimestamp":"1695992189699000","buy_order_id":1667715952812033,"sell_order_id":1667715405635585},"channel":"live_trades_bchusd","event":"trade"}
{"data":{"id":300667342,"timestamp":"1695992224","amount":0.2362,"amount_str":"0.23620000","price":234.22,"price_str":"234.22","type":0,"microtimestamp":"1695992224522000","buy_order_id":1667716095447040,"sell_order_id":1667716088606723},"channel":"live_trades_bchusd","event":"trade"}
{"data":{"id":300667343,"timestamp":"1695992224","amount":0.99495214,"amount_str":"0.99495214","price":234.23,"price_str":"234.23","type":0,"microtimestamp":"1695992224522000","buy_order_id":1667716095447040,"sell_order_id":1667715405635585},"channel":"live_trades_bchusd","event":"trade"}
{"data":{"id":300667344,"timestamp":"1695992224","amount":0.09043788,"amount_str":"0.09043788","price":234.3,"price_str":"234.30","type":0,"microtimestamp":"1695992224522000","buy_order_id":1667716095447040,"sell_order_id":1667713723678720},"channel":"live_trades_bchusd","event":"trade"}
{"data":{"id":300667458,"timestamp":"1695992289","amount":1,"amount_str":"1.00000000","price":234.28,"price_str":"234.28","type":0,"microtimestamp":"1695992289312000","buy_order_id":1667716360826880,"sell_order_id":1667716301246465},"channel":"live_trades_bchusd","event":"trade"}
{"data":{"id":300667459,"timestamp":"1695992289","amount":10.68179303,"amount_str":"10.68179303","price":234.3,"price_str":"234.30","type":0,"microtimestamp":"1695992289312000","buy_order_id":1667716360826880,"sell_order_id":1667716098367488},"channel":"live_trades_bchusd","event":"trade"}
{"data":{"id":300667460,"timestamp":"1695992289","amount":31.75615913,"amount_str":"31.75615913","price":234.35,"price_str":"234.35","type":0,"microtimestamp":"1695992289312000","buy_order_id":1667716360826880,"sell_order_id":1667715929632770},"channel":"live_trades_bchusd","event":"trade"}
{"data":{"id":300667711,"timestamp":"1695992488","amount":0.3,"amount_str":"0.30000000","price":233.89,"price_str":"233.89","type":1,"microtimestamp":"1695992488971000","buy_order_id":1667717070868481,"sell_order_id":1667717178630144},"channel":"live_trades_bchusd","event":"trade"}
{"data":{"id":300668124,"timestamp":"1695992739","amount":2.20040259,"amount_str":"2.20040259","price":233.56,"price_str":"233.56","type":0,"microtimestamp":"1695992739048000","buy_order_id":1667718202945536,"sell_order_id":1667717843787776},"channel":"live_trades_bchusd","event":"trade"}
{"data":{"id":300668125,"timestamp":"1695992739","amount":4.32357,"amount_str":"4.32357000","price":233.56,"price_str":"233.56","type":0,"microtimestamp":"1695992739115000","buy_order_id":1667718203215872,"sell_order_id":1667717843787776},"channel":"live_trades_bchusd","event":"trade"}
{"data":{"id":300668700,"timestamp":"1695993029","amount":2.23988713,"amount_str":"2.23988713","price":233.39,"price_str":"233.39","type":0,"microtimestamp":"1695993029453000","buy_order_id":1667719392444419,"sell_order_id":1667718968565760},"channel":"live_trades_bchusd","event":"trade"}
{"data":{"id":300668701,"timestamp":"1695993029","amount":3.84408926,"amount_str":"3.84408926","price":233.39,"price_str":"233.39","type":0,"microtimestamp":"1695993029568000","buy_order_id":1667719392915456,"sell_order_id":1667718968565760},"channel":"live_trades_bchusd","event":"trade"}
{"data":{"id":300668702,"timestamp":"1695993029","amount":0.43999631,"amount_str":"0.43999631","price":233.39,"price_str":"233.39","type":0,"microtimestamp":"1695993029693000","buy_order_id":1667719393427457,"sell_order_id":1667718968565760},"channel":"live_trades_bchusd","event":"trade"}
{"data":{"id":300669017,"timestamp":"1695993287","amount":2.14326558,"amount_str":"2.14326558","price":233.28,"price_str":"233.28","type":0,"microtimestamp":"1695993287101000","buy_order_id":1667720447766532,"sell_order_id":1667720241524736},"channel":"live_trades_bchusd","event":"trade"}
{"data":{"id":300669096,"timestamp":"1695993369","amount":1,"amount_str":"1.00000000","price":233.09,"price_str":"233.09","type":1,"microtimestamp":"1695993369292000","buy_order_id":1667720783622146,"sell_order_id":1667720784424960},"channel":"live_trades_bchusd","event":"trade"}
{"data":{"id":300669521,"timestamp":"1695993682","amount":2.59828821,"amount_str":"2.59828821","price":232.9,"price_str":"232.90","type":0,"microtimestamp":"1695993682663000","buy_order_id":1667722067988484,"sell_order_id":1667722021720065},"channel":"live_trades_bchusd","event":"trade"}
{"data":{"id":300669522,"timestamp":"1695993682","amount":2.42697643,"amount_str":"2.42697643","price":232.9,"price_str":"232.90","type":0,"microtimestamp":"1695993682764000","buy_order_id":1667722068406272,"sell_order_id":1667722021720065},"channel":"live_trades_bchusd","event":"trade"}
{"data":{"id":300669552,"timestamp":"1695993704","amount":2.14564096,"amount_str":"2.14564096","price":233.03,"price_str":"233.03","type":0,"microtimestamp":"1695993704182000","buy_order_id":1667722156134400,"sell_order_id":1667722072006656},"channel":"live_trades_bchusd","event":"trade"}
{"data":{"id":300669569,"timestamp":"1695993733","amount":0.835,"amount_str":"0.83500000","price":233.01,"price_str":"233.01","type":1,"microtimestamp":"1695993733393000","buy_order_id":1667722259390466,"sell_order_id":1667722275782656},"channel":"live_trades_bchusd","event":"trade"}
{"data":{"id":300669579,"timestamp":"1695993758","amount":1,"amount_str":"1.00000000","price":232.91,"price_str":"232.91","type":1,"microtimestamp":"1695993758710000","buy_order_id":1667722319040512,"sell_order_id":1667722379481089},"channel":"live_trades_bchusd","event":"trade"}
{"data":{"id":300669580,"timestamp":"1695993758","amount":2.1468,"amount_str":"2.14680000","price":232.9,"price_str":"232.90","type":1,"microtimestamp":"1695993758747000","buy_order_id":1667722335166464,"sell_order_id":1667722379632642},"channel":"live_trades_bchusd","event":"trade"}
{"data":{"id":300669581,"timestamp":"1695993758","amount":0.00004115,"amount_str":"0.00004115","price":232.9,"price_str":"232.90","type":1,"microtimestamp":"1695993758749000","buy_order_id":1667722335166464,"sell_order_id":1667722379640835},"channel":"live_trades_bchusd","event":"trade"}
{"data":{"id":300670296,"timestamp":"1695993995","amount":2.15073188,"amount_str":"2.15073188","price":232.48,"price_str":"232.48","type":0,"microtimestamp":"1695993995726000","buy_order_id":1667723350294530,"sell_order_id":1667723185291264},"channel":"live_trades_bchusd","event":"trade"}
{"data":{"id":300670300,"timestamp":"1695993995","amount":1e-8,"amount_str":"0.00000001","price":232.48,"price_str":"232.48","type":0,"microtimestamp":"1695993995845000","buy_order_id":1667723350786049,"sell_order_id":1667723185291264},"channel":"live_trades_bchusd","event":"trade"}
{"data":{"id":300670758,"timestamp":"1695994347","amount":2.15275593,"amount_str":"2.15275593","price":232.26,"price_str":"232.26","type":1,"microtimestamp":"1695994347896000","buy_order_id":1667724767694848,"sell_order_id":1667724792786944},"channel":"live_trades_bchusd","event":"trade"}
{"data":{"id":300670759,"timestamp":"1695994347","amount":7.4653984,"amount_str":"7.46539840","price":232.22,"price_str":"232.22","type":1,"microtimestamp":"1695994347896000","buy_order_id":1667724782796801,"sell_order_id":1667724792786944},"channel":"live_trades_bchusd","event":"trade"}
{"data":{"id":300671107,"timestamp":"1695994541","amount":1,"amount_str":"1.00000000","price":232.3,"price_str":"232.30","type":0,"microtimestamp":"1695994541989000","buy_order_id":1667725587791874,"sell_order_id":1667725532913664},"channel":"live_trades_bchusd","event":"trade"}
{"data":{"id":300671256,"timestamp":"1695994651","amount":10.75512955,"amount_str":"10.75512955","price":232.36,"price_str":"232.36","type":0,"microtimestamp":"1695994651787000","buy_order_id":1667726037524480,"sell_order_id":1667725987733504},"channel":"live_trades_bchusd","event":"trade"}
{"data":{"id":300671833,"timestamp":"1695994855","amount":2.17086556,"amount_str":"2.17086556","price":231.02,"price_str":"231.02","type":1,"microtimestamp":"1695994855478000","buy_order_id":1667726813241348,"sell_order_id":1667726871842819},"channel":"live_trades_bchusd","event":"trade"}
{"data":{"id":300671835,"timestamp":"1695994855","amount":2.47454826,"amount_str":"2.47454826","price":231.02,"price_str":"231.02","type":1,"microtimestamp":"1695994855585000","buy_order_id":1667726813241348,"sell_order_id":1667726872281092},"channel":"live_trades_bchusd","event":"trade"}
{"data":{"id":300671836,"timestamp":"1695994855","amount":1.32159002,"amount_str":"1.32159002","price":231.02,"price_str":"231.02","type":1,"microtimestamp":"1695994855704000","buy_order_id":1667726813241348,"sell_order_id":1667726872768514},"channel":"live_trades_bchusd","event":"trade"}
{"data":{"id":300671837,"timestamp":"1695994856","amount":4,"amount_str":"4.00000000","price":231.02,"price_str":"231.02","type":1,"microtimestamp":"1695994856130000","buy_order_id":1667726813241348,"sell_order_id":1667726874513409},"channel":"live_trades_bchusd","event":"trade"}
{"data":{"id":300671838,"timestamp":"1695994856","amount":5.03299,"amount_str":"5.03299000","price":231.02,"price_str":"231.02","type":1,"microtimestamp":"1695994856149000","buy_order_id":1667726813241348,"sell_order_id":1667726874591232},"channel":"live_trades_bchusd","event":"trade"}
{"data":{"id":300671839,"timestamp":"1695994856","amount":0.00000616,"amount_str":"0.00000616","price":231.02,"price_str":"231.02","type":1,"microtimestamp":"1695994856174000","buy_order_id":1667726813241348,"sell_order_id":1667726874599424},"channel":"live_trades_bchusd","event":"trade"}
{"data":{"id":300672405,"timestamp":"1695995117","amount":0.17262683,"amount_str":"0.17262683","price":231.76,"price_str":"231.76","type":0,"microtimestamp":"1695995117506000","buy_order_id":1667727945109504,"sell_order_id":1667727938203648},"channel":"live_trades_bchusd","event":"trade"}
{"data":{"id":300672450,"timestamp":"1695995123","amount":0.21411279,"amount_str":"0.21411279","price":231.84,"price_str":"231.84","type":0,"microtimestamp":"1695995123176000","buy_order_id":1667727968333824,"sell_order_id":1667727962787842},"channel":"live_trades_bchusd","event":"trade"}
{"data":{"id":300672564,"timestamp":"1695995222","amount":1,"amount_str":"1.00000000","price":231.58,"price_str":"231.58","type":0,"microtimestamp":"1695995222263000","buy_order_id":1667728374194176,"sell_order_id":1667728350212097},"channel":"live_trades_bchusd","event":"trade"}
{"data":{"id":300672565,"timestamp":"1695995222","amount":6.87264,"amount_str":"6.87264000","price":231.62,"price_str":"231.62","type":0,"microtimestamp":"1695995222281000","buy_order_id":1667728374267905,"sell_order_id":1667728361701376},"channel":"live_trades_bchusd","event":"trade"}
{"data":{"id":300672566,"timestamp":"1695995222","amount":0.00000592,"amount_str":"0.00000592","price":231.62,"price_str":"231.62","type":0,"microtimestamp":"1695995222287000","buy_order_id":1667728374292480,"sell_order_id":1667728361701376},"channel":"live_trades_bchusd","event":"trade"}
{"data":{"id":300672927,"timestamp":"1695995453","amount":2.1596181,"amount_str":"2.15961810","price":231.52,"price_str":"231.52","type":1,"microtimestamp":"1695995453305000","buy_order_id":1667729261228033,"sell_order_id":1667729320542208},"channel":"live_trades_bchusd","event":"trade"}
{"data":{"id":300672928,"timestamp":"1695995453","amount":6.5239727,"amount_str":"6.52397270","price":231.51,"price_str":"231.51","type":1,"microtimestamp":"1695995453305000","buy_order_id":1667728860073989,"sell_order_id":1667729320542208},"channel":"live_trades_bchusd","event":"trade"}
{"data":{"id":300672929,"timestamp":"1695995453","amount":19.95241083,"amount_str":"19.95241083","price":231.5,"price_str":"231.50","type":1,"microtimestamp":"1695995453305000","buy_order_id":1667728860012548,"sell_order_id":1667729320542208},"channel":"live_trades_bchusd","event":"trade"}
{"data":{"id":300672930,"timestamp":"1695995453","amount":13.0452896,"amount_str":"13.04528960","price":231.48,"price_str":"231.48","type":1,"microtimestamp":"1695995453305000","buy_order_id":1667728860065797,"sell_order_id":1667729320542208},"channel":"live_trades_bchusd","event":"trade"}
{"data":{"id":300672931,"timestamp":"1695995453","amount":1.75666093,"amount_str":"1.75666093","price":231.48,"price_str":"231.48","type":1,"microtimestamp":"1695995453305000","buy_order_id":1667729260339200,"sell_order_id":1667729320542208},"channel":"live_trades_bchusd","event":"trade"}
{"data":{"id":300673529,"timestamp":"1695995812","amount":1,"amount_str":"1.00000000","price":231.73,"price_str":"231.73","type":1,"microtimestamp":"1695995812356000","buy_order_id":1667730782871552,"sell_order_id":1667730791215107},"channel":"live_trades_bchusd","event":"trade"}
{"data":{"id":300675108,"timestamp":"1695996528","amount":1.1607,"amount_str":"1.16070000","price":230.96,"price_str":"230.96","type":1,"microtimestamp":"1695996528730000","buy_order_id":1667733711147008,"sell_order_id":1667733725483010},"channel":"live_trades_bchusd","event":"trade"}
{"data":{"id":300675111,"timestamp":"1695996528","amount":9.64186,"amount_str":"9.64186000","price":230.96,"price_str":"230.96","type":1,"microtimestamp":"1695996528778000","buy_order_id":1667733711147008,"sell_order_id":1667733725675529},"channel":"live_trades_bchusd","event":"trade"}
{"data":{"id":300675112,"timestamp":"1695996528","amount":0.00000705,"amount_str":"0.00000705","price":230.96,"price_str":"230.96","type":1,"microtimestamp":"1695996528797000","buy_order_id":1667733711147008,"sell_order_id":1667733725757442},"channel":"live_trades_bchusd","event":"trade"}
{"data":{"id":300675447,"timestamp":"1695996564","amount":0.059,"amount_str":"0.05900000","price":230.33,"price_str":"230.33","type":1,"microtimestamp":"1695996564015000","buy_order_id":1667733868564481,"sell_order_id":1667733870010370},"channel":"live_trades_bchusd","event":"trade"}
{"data":{"id":300675448,"timestamp":"1695996564","amount":0.3375,"amount_str":"0.33750000","price":230.33,"price_str":"230.33","type":1,"microtimestamp":"1695996564037000","buy_order_id":1667733868564481,"sell_order_id":1667733870100481},"channel":"live_trades_bchusd","event":"trade"}
{"data":{"id":300675571,"timestamp":"1695996575","amount":8.41720705,"amount_str":"8.41720705","price":229.71,"price_str":"229.71","type":1,"microtimestamp":"1695996575450000","buy_order_id":1667733916639234,"sell_order_id":1667733916848130},"channel":"live_trades_bchusd","event":"trade"}
{"data":{"id":300675578,"timestamp":"1695996583","amount":4.40041398,"amount_str":"4.40041398","price":229.3,"price_str":"229.30","type":1,"microtimestamp":"1695996583273000","buy_order_id":1667733937852416,"sell_order_id":1667733948870656},"channel":"live_trades_bchusd","event":"trade"}
{"data":{"id":300675579,"timestamp":"1695996583","amount":3.3383182,"amount_str":"3.33831820","price":229.3,"price_str":"229.30","type":1,"microtimestamp":"1695996583369000","buy_order_id":1667733937852416,"sell_order_id":1667733949284355},"channel":"live_trades_bchusd","event":"trade"}
{"data":{"id":300675581,"timestamp":"1695996583","amount":0.2362,"amount_str":"0.23620000","price":229.31,"price_str":"229.31","type":1,"microtimestamp":"1695996583800000","buy_order_id":1667733949624324,"sell_order_id":1667733951045635},"channel":"live_trades_bchusd","event":"trade"}
{"data":{"id":300675920,"timestamp":"1695996607","amount":1.74146141,"amount_str":"1.74146141","price":229.71,"price_str":"229.71","type":0,"microtimestamp":"1695996607950000","buy_order_id":1667734049968128,"sell_order_id":1667733936828417},"channel":"live_trades_bchusd","event":"trade"}
{"data":{"id":300676562,"timestamp":"1695996900","amount":2.23147662,"amount_str":"2.23147662","price":230.6,"price_str":"230.60","type":1,"microtimestamp":"1695996900896000","buy_order_id":1667735110459392,"sell_order_id":1667735249874948},"channel":"live_trades_bchusd","event":"trade"}
{"data":{"id":300676563,"timestamp":"1695996900","amount":4,"amount_str":"4.00000000","price":230.6,"price_str":"230.60","type":1,"microtimestamp":"1695996900932000","buy_order_id":1667735110459392,"sell_order_id":1667735250018310},"channel":"live_trades_bchusd","event":"trade"}
{"data":{"id":300676564,"timestamp":"1695996900","amount":0.1458,"amount_str":"0.14580000","price":230.6,"price_str":"230.60","type":1,"microtimestamp":"1695996900978000","buy_order_id":1667735110459392,"sell_order_id":1667735250210816},"channel":"live_trades_bchusd","event":"trade"}
{"data":{"id":300676565,"timestamp":"1695996901","amount":2.40187644,"amount_str":"2.40187644","price":230.6,"price_str":"230.60","type":1,"microtimestamp":"1695996901006000","buy_order_id":1667735110459392,"sell_order_id":1667735250321412},"channel":"live_trades_bchusd","event":"trade"}
{"data":{"id":300676570,"timestamp":"1695996901","amount":3.69799289,"amount_str":"3.69799289","price":230.6,"price_str":"230.60","type":1,"microtimestamp":"1695996901109000","buy_order_id":1667735110459392,"sell_order_id":1667735250747396},"channel":"live_trades_bchusd","event":"trade"}
{"data":{"id":300676642,"timestamp":"1695996939","amount":0.059,"amount_str":"0.05900000","price":230.93,"price_str":"230.93","type":0,"microtimestamp":"1695996939326000","buy_order_id":1667735407284224,"sell_order_id":1667735396040704},"channel":"live_trades_bchusd","event":"trade"}
{"data":{"id":300677542,"timestamp":"1695997301","amount":0.4725,"amount_str":"0.47250000","price":230.83,"price_str":"230.83","type":1,"microtimestamp":"1695997301529000","buy_order_id":1667736677187586,"sell_order_id":1667736890867713},"channel":"live_trades_bchusd","event":"trade"}
{"data":{"id":300677543,"timestamp":"1695997301","amount":0.4725,"amount_str":"0.47250000","price":230.83,"price_str":"230.83","type":1,"microtimestamp":"1695997301540000","buy_order_id":1667736677187586,"sell_order_id":1667736890908676},"channel":"live_trades_bchusd","event":"trade"}
{"data":{"id":300677546,"timestamp":"1695997301","amount":0.275,"amount_str":"0.27500000","price":230.83,"price_str":"230.83","type":1,"microtimestamp":"1695997301544000","buy_order_id":1667736677187586,"sell_order_id":1667736890929154},"channel":"live_trades_bchusd","event":"trade"}
{"data":{"id":300677547,"timestamp":"1695997301","amount":0.00000144,"amount_str":"0.00000144","price":230.83,"price_str":"230.83","type":1,"microtimestamp":"1695997301574000","buy_order_id":1667736677187586,"sell_order_id":1667736891052032},"channel":"live_trades_bchusd","event":"trade"}
{"data":{"id":300677750,"timestamp":"1695997408","amount":0.05371021,"amount_str":"0.05371021","price":230.31,"price_str":"230.31","type":1,"microtimestamp":"1695997408062000","buy_order_id":1667737143836672,"sell_order_id":1667737327226880},"channel":"live_trades_bchusd","event":"trade"}
{"data":{"id":300677758,"timestamp":"1695997421","amount":0.1975,"amount_str":"0.19750000","price":230.31,"price_str":"230.31","type":1,"microtimestamp":"1695997421477000","buy_order_id":1667737143836672,"sell_order_id":1667737382170624},"channel":"live_trades_bchusd","event":"trade"}
{"data":{"id":300677759,"timestamp":"1695997421","amount":2.25854414,"amount_str":"2.25854414","price":230.31,"price_str":"230.31","type":1,"microtimestamp":"1695997421498000","buy_order_id":1667737143836672,"sell_order_id":1667737382260736},"channel":"live_trades_bchusd","event":"trade"}
{"data":{"id":300677760,"timestamp":"1695997421","amount":0.945,"amount_str":"0.94500000","price":230.31,"price_str":"230.31","type":1,"microtimestamp":"1695997421517000","buy_order_id":1667737143836672,"sell_order_id":1667737382338560},"channel":"live_trades_bchusd","event":"trade"}
{"data":{"id":300677761,"timestamp":"1695997421","amount":0.945,"amount_str":"0.94500000","price":230.31,"price_str":"230.31","type":1,"microtimestamp":"1695997421522000","buy_order_id":1667737143836672,"sell_order_id":1667737382354945},"channel":"live_trades_bchusd","event":"trade"}
{"data":{"id":300677767,"timestamp":"1695997425","amount":2.18430265,"amount_str":"2.18430265","price":230.31,"price_str":"230.31","type":1,"microtimestamp":"1695997425076000","buy_order_id":1667737143836672,"sell_order_id":1667737396916224},"channel":"live_trades_bchusd","event":"trade"}
{"data":{"id":300677772,"timestamp":"1695997425","amount":2.2596953,"amount_str":"2.25969530","price":230.31,"price_str":"230.31","type":1,"microtimestamp":"1695997425357000","buy_order_id":1667737143836672,"sell_order_id":1667737398067201},"channel":"live_trades_bchusd","event":"trade"}
{"data":{"id":300677773,"timestamp":"1695997425","amount":2.20621612,"amount_str":"2.20621612","price":230.31,"price_str":"230.31","type":1,"microtimestamp":"1695997425552000","buy_order_id":1667737143836672,"sell_order_id":1667737398865920},"channel":"live_trades_bchusd","event":"trade"}
{"data":{"id":300677776,"timestamp":"1695997427","amount":2.28793595,"amount_str":"2.28793595","price":230.31,"price_str":"230.31","type":1,"microtimestamp":"1695997427227000","buy_order_id":1667737143836672,"sell_order_id":1667737405722627},"channel":"live_trades_bchusd","event":"trade"}
{"data":{"id":300677777,"timestamp":"1695997427","amount":1.66209563,"amount_str":"1.66209563","price":230.31,"price_str":"230.31","type":1,"microtimestamp":"1695997427327000","buy_order_id":1667737143836672,"sell_order_id":1667737406132225},"channel":"live_trades_bchusd","event":"trade"}
{"data":{"id":300678251,"timestamp":"1695997765","amount":0.05334664,"amount_str":"0.05334664","price":230.38,"price_str":"230.38","type":1,"microtimestamp":"1695997765235000","buy_order_id":1667738787368960,"sell_order_id":1667738790203394},"channel":"live_trades_bchusd","event":"trade"}
{"data":{"id":300678553,"timestamp":"1695997973","amount":0.4725,"amount_str":"0.47250000","price":231.1,"price_str":"231.10","type":0,"microtimestamp":"1695997973675000","buy_order_id":1667739643977730,"sell_order_id":1667739627581441},"channel":"live_trades_bchusd","event":"trade"}
{"data":{"id":300678554,"timestamp":"1695997973","amount":0.4725,"amount_str":"0.47250000","price":231.11,"price_str":"231.11","type":0,"microtimestamp":"1695997973688000","buy_order_id":1667739644026885,"sell_order_id":1667739563864064},"channel":"live_trades_bchusd","event":"trade"}
{"data":{"id":300678572,"timestamp":"1695997973","amount":0.1203,"amount_str":"0.12030000","price":231.41,"price_str":"231.41","type":0,"microtimestamp":"1695997973874000","buy_order_id":1667739644792834,"sell_order_id":1667739553857536},"channel":"live_trades_bchusd","event":"trade"}
{"data":{"id":300678721,"timestamp":"1695998036","amount":1,"amount_str":"1.00000000","price":231.74,"price_str":"231.74","type":0,"microtimestamp":"1695998036184000","buy_order_id":1667739900014595,"sell_order_id":1667739883499524},"channel":"live_trades_bchusd","event":"trade"}
{"data":{"id":300678901,"timestamp":"1695998085","amount":2.77770914,"amount_str":"2.77770914","price":232.02,"price_str":"232.02","type":0,"microtimestamp":"1695998085684000","buy_order_id":1667740102766594,"sell_order_id":1667740097892353},"channel":"live_trades_bchusd","event":"trade"}
{"data":{"id":300678991,"timestamp":"1695998098","amount":1.7243,"amount_str":"1.72430000","price":232.17,"price_str":"232.17","type":0,"microtimestamp":"1695998098800000","buy_order_id":1667740156489732,"sell_order_id":1667740122677252},"channel":"live_trades_bchusd","event":"trade"}
{"data":{"id":300678992,"timestamp":"1695998098","amount":0.00005861,"amount_str":"0.00005861","price":232.17,"price_str":"232.17","type":0,"microtimestamp":"1695998098806000","buy_order_id":1667740156514308,"sell_order_id":1667740122677252},"channel":"live_trades_bchusd","event":"trade"}
{"data":{"id":300679322,"timestamp":"1695998196","amount":2.40807829,"amount_str":"2.40807829","price":232.69,"price_str":"232.69","type":0,"microtimestamp":"1695998196098000","buy_order_id":1667740555022336,"sell_order_id":1667740553916417},"channel":"live_trades_bchusd","event":"trade"}
